1664 2814
291 174 473 212 PRAEFATIO
692 176 727 214 XV

6 287 150 357 'rumque
170 283 360 346 mittebantur,
379 283 493 336 multam
513 299 624 351 operam
644 287 671 336 et
689 283 726 336 ia·

26 383 128 434 horem
148 373 315 442 consumpsi.
352 373 446 440 Neque
464 372 569 426 minore
588 372 727 439 diligentia

25 469 181 524 defunctus
201 466 244 516 est
261 461 324 514 Ant.
338 461 414 528 Vigo,
427 460 565 514 Francisci
583 460 624 524 R,
644 459 729 513 offici·

26 561 114 612 nator
131 551 261 606 librarius
279 567 380 618 magna
392 551 465 604 tama
476 550 649 613 nobilitatus
668 550 728 618 qui,

26 663 86 715 qua
100 647 146 696 est
159 657 224 709 erga
241 657 285 694 rne
301 640 480 703 humanitate,
494 639 566 692 omni
581 638 671 692 studio
687 655 729 692 co·

26 731 224 804 gitationeque
246 729 321 782 omni
340 729 368 782 in
386 729 414 782 id
435 728 569 791 incubuit,
591 733 622 782 ut
646 743 729 796 quam

26 818 291 878 emendatissimum
303 819 356 872 hoc
370 817 498 870 volumen
514 816 596 884 prehs
609 817 666 870 suis
679 821 731 870 tra·

27 914 156 966 deretur.
194 907 345 960 Praeterire
363 906 446 974 igitur
464 921 571 974 nequeo
591 905 658 974 quin
676 921 731 960 me·

28 1002 118 1054 ritarn
137 997 164 1051 ei
183 996 298 1065 gratiam
317 997 480 1064 persolvam.

89 1088 146 1140 Sed
171 1101 244 1140 nunc
266 1089 374 1153 tempus
400 1090 443 1139 est
467 1102 512 1139 me
535 1085 569 1140 de
592 1085 731 1139 codicibus

26 1174 197 1232 Horatianis
211 1178 342 1238 tractare,
356 1192 425 1242 quos
441 1175 614 1243 potissimum
633 1174 661 1227 io
680 1175 732 1226 hac

28 1265 160 1320 editione
179 1263 369 1330 spectaverint.
406 1263 485 1330 Quod
504 1263 613 1331 quidem
637 1262 731 1330 paucis

29 1368 185 1424 exponam.

130 1709 408 1761 a=Ambrosianoa
430 1707 461 1761 O.
489 1709 546 1761 136.
572 1725 642 1776 sup,
669 1708 734 1761 olim

33 1799 253 1859 Avenionensia;
272 1796 300 1849 in
319 1796 483 1850 bibliotheca
496 1797 677 1850 Ambrosiana
693 1814 734 1850 as-

36 1891 177 1939 servatur.
219 1885 299 1938 Hunc
321 1885 444 1938 omnium
468 1885 620 1938 italicorum
643 1886 733 1949 codd,

37 1973 142 2041 quibus
163 1973 270 2025 Horatii
288 1989 371 2041 opera
392 1974 669 2040 comprehendantur,
689 1991 735 2027 an-

36 2061 228 2128 tiquissimum
247 2077 308 2114 esse
327 2063 398 2130 apud
417 2063 594 2116 Hauthalium
610 2063 732 2130 legimus.

38 2150 159 2203 Saeculo
179 2153 271 2202 autem
290 2149 361 2202 Vllll
379 2166 405 2217 p.
426 2151 488 2204 Chr.
507 2167 534 2204 u.
554 2155 669 2204 exeunte
688 2154 736 2204 aut

40 2243 117 2291 certe
136 2239 162 2291 Χ
179 2237 291 2292 ineunte
307 2242 434 2293 exaratus
453 2256 515 2293 esse
533 2256 567 2293 ex
585 2239 736 2308 eodemque

41 2327 206 2395 exemplari,
225 2331 365 2396 tamquam
388 2329 476 2392 sonte,
495 2329 606 2383 fluxisse
631 2328 737 2382 videtur

45 2431 63 2466 a
84 2430 135 2485 quo
154 2416 306 2488 descriptus
325 2420 367 2472 est
385 2417 417 2471 A.
