1664 2814
107 117 151 186 viij
361 136 539 190 enarrarre

106 241 244 309 exemplar
262 243 452 310 exprimerent,
472 243 544 310 quod
564 259 580 294 a
596 246 693 310 poetae
707 242 798 296 Venu-

105 331 156 384 sini
175 347 259 384 manu
277 332 428 398 profectum
448 336 528 394 esset,
548 331 595 384 sed
610 330 800 384 adulterinum

104 420 196 473 neseio
216 420 288 488 quod
308 424 335 473 et
354 421 572 473 commenticium
595 437 663 488 opus
685 419 800 473 exhibe·

103 513 172 572 rent,
192 508 220 561 in
240 525 294 576 quo
311 508 414 561 disiecti
427 508 537 575 quidem
550 509 673 561 membra
685 513 797 575 poetae,

104 614 159 650 non
179 614 243 650 vero
263 597 397 650 sinceram
414 602 441 650 et
453 597 586 665 integram
600 601 627 650 et
639 597 720 650 nullis
734 614 798 664 pra-

103 686 233 740 vitatibus
252 687 386 739 detortam
403 687 507 738 Horatii
520 686 636 754 effigiem
650 702 797 753 agnoscas,

157 776 209 828 Sed
228 777 296 828 haee
315 792 370 828 non
389 775 427 827 ita
445 775 518 827 dicta
539 792 599 827 esse
622 775 692 838 volo,
713 777 797 842 <prasi

103 881 119 916 a
138 864 253 916 Bentleii
272 863 440 931 aliorumque
459 864 639 916 recentiorum
659 863 798 930 interpre-

103 958 162 1006 tum
176 951 272 1005 studiis
281 952 367 1004 laetos
378 956 405 1004 et
414 953 512 1004 uberes
523 952 626 1005 fructus
637 951 699 1004 ferri
711 969 797 1018 posse

103 1057 208 1108 negem.
245 1040 313 1092 Nam
332 1055 392 1093 curn
412 1041 568 1093 diuturnam
582 1056 692 1106 operam
706 1040 798 1092 consi-

104 1130 178 1192 dem,
192 1145 274 1196 quarn
287 1127 426 1182 Bentleius
439 1123 552 1181 Horatio
566 1127 684 1190 navavit,
699 1132 725 1180 et
739 1145 797 1181 me-

103 1235 165 1271 eum
187 1218 245 1285 ipse
265 1222 361 1285 reputo
381 1222 447 1284 quot
460 1216 664 1270 emendationes
678 1216 797 1270 rectissi-

103 1323 165 1359 mae
180 1306 310 1359 acerrimo
324 1307 382 1359 eius
396 1310 422 1358 et
436 1304 669 1372 perspicacissimo
684 1304 797 1371 ingenio

104 1396 269 1458 debeantur3
289 1399 355 1462 quot
374 1395 458 1447 falsae
477 1399 524 1447 aut
543 1395 651 1461 ineptae
669 1398 795 1448 veterum

102 1484 251 1537 editionum
270 1483 401 1537 lectiones
419 1483 477 1536 eius
494 1481 660 1549 argumentis
674 1486 700 1534 et
713 1482 796 1535 ratio-

97 1573 184 1626 nibus
203 1573 336 1624 refutatae
354 1571 525 1638 reiectaeque
544 1570 611 1633 sint;
632 1573 699 1636 quot
714 1586 797 1624 veras

104 1666 186 1728 atque
206 1659 354 1727 exquisitas
374 1676 407 1712 ex
424 1659 499 1711 libris
519 1675 602 1711 manu
624 1657 730 1724 seriptis
752 1675 797 1712 sa·

104 1749 246 1817 gaeissime
269 1749 444 1815 depromptas
466 1748 500 1799 ab
523 1746 658 1799 oblivione
681 1746 795 1800 tandem

103 1835 281 1890 vindicaverit
301 1836 537 1903 restituendasque
557 1833 705 1896 curaverit;
725 1841 796 1901 quot

103 1941 208 1978 errores
218 1925 374 1992 opinionum
386 1924 563 1990 perversitate
572 1924 737 1976 inveteratos
749 1923 796 1977 de·

103 2014 215 2081 pulerit;
237 2015 325 2066 iacere
345 2029 399 2066 non
418 2029 530 2080 possum
550 2012 616 2079 quin
633 2015 739 2064 tanturn
752 2013 796 2065 vi·

105 2119 165 2155 rum
187 2103 221 2154 de
243 2101 398 2154 Horatianis
424 2101 520 2153 studiis
546 2100 646 2167 optime
670 2098 796 2154 onmium

103 2191 235 2243 meruisse
250 2188 487 2256 persuasissimum
501 2189 625 2240 habeam.
646 2188 713 2240 Cum
726 2203 795 2242 vero

103 2285 145 2332 tot
163 2279 333 2332 coniecturas
352 2278 443 2332 animo
463 2278 615 2344 expendere
629 2276 795 2344 penitusque

103 2367 267 2434 perscrutari
288 2367 437 2435 aggredior,
459 2366 557 2434 quibus
582 2382 664 2432 saepe
686 2366 795 2420 Horatii
