<?xml version="1.0" encoding="UTF-8"?>
<!DOCTYPE html PUBLIC "-//W3C//DTD XHTML 1.0 Transitional//EN"
    "http://www.w3.org/TR/xhtml1/DTD/xhtml1-transitional.dtd">
<html xmlns="http://www.w3.org/1999/xhtml" xml:lang="en" lang="en">
 <head>
  <title>
</title>
<meta http-equiv="Content-Type" content="text/html;charset=utf-8" />
  <meta name='ocr-system' content='tesseract 3.04.00' />
  <meta name='ocr-capabilities' content='ocr_page ocr_carea ocr_par ocr_line ocrx_word'/>
</head>
<body>
  <div class='ocr_page' id='page_1' title='image "./qhoratiiflaccio00stamgoog_0030.png"; bbox 0 0 1664 2814; ppageno 0'>
   <div class='ocr_carea' id='block_1_1' title="bbox 303 199 741 238">
    <p class='ocr_par' dir='ltr' id='par_1_1' title="bbox 303 199 741 238">
     <span class='ocr_line' id='line_1_1' title="bbox 303 199 741 238; baseline -0.005 0"><span class='ocrx_word' id='word_1_1' title='bbox 303 199 486 238; x_wconf 72' lang='lat' dir='ltr'><strong>PRAEFATIO</strong></span> <span class='ocrx_word' id='word_1_2' title='bbox 687 199 741 236; x_wconf 76' lang='lat' dir='ltr'>XXV</span> 
     </span>
    </p>
   </div>
   <div class='ocr_carea' id='block_1_2' title="bbox 38 306 743 1263">
    <p class='ocr_par' dir='ltr' id='par_1_2' title="bbox 40 306 742 469">
     <span class='ocr_line' id='line_1_2' title="bbox 40 306 742 378; baseline -0.003 -14"><span class='ocrx_word' id='word_1_3' title='bbox 40 311 226 365; x_wconf 82' lang='lat' dir='ltr'>Haulhalium</span> <span class='ocrx_word' id='word_1_4' title='bbox 240 308 291 378; x_wconf 87' lang='lat'>(1),</span> <span class='ocrx_word' id='word_1_5' title='bbox 314 309 451 364; x_wconf 84' lang='lat' dir='ltr'>Kellerum</span> <span class='ocrx_word' id='word_1_6' title='bbox 466 306 503 375; x_wconf 75' lang='lat' dir='ltr'>(i)</span> <span class='ocrx_word' id='word_1_7' title='bbox 529 307 679 376; x_wconf 86' lang='lat' dir='ltr'>descriptos</span> <span class='ocrx_word' id='word_1_8' title='bbox 703 323 742 362; x_wconf 84' lang='lat' dir='ltr'>re·</span> 
     </span>
     <span class='ocr_line' id='line_1_3' title="bbox 40 398 200 469; baseline -0.006 -16"><span class='ocrx_word' id='word_1_9' title='bbox 40 399 135 469; x_wconf 88' lang='lat' dir='ltr'>peries</span> <span class='ocrx_word' id='word_1_10' title='bbox 150 398 200 467; x_wconf 89' lang='lat'>(3).</span> 
     </span>
    </p>

    <p class='ocr_par' dir='ltr' id='par_1_3' title="bbox 38 487 743 1263">
     <span class='ocr_line' id='line_1_4' title="bbox 88 487 742 555; baseline -0.003 -13"><span class='ocrx_word' id='word_1_11' title='bbox 88 489 200 542; x_wconf 78' lang='lat' dir='ltr'><strong>&#39;Restat</strong></span> <span class='ocrx_word' id='word_1_12' title='bbox 224 491 255 541; x_wconf 89' lang='lat' dir='ltr'>ut</span> <span class='ocrx_word' id='word_1_13' title='bbox 281 503 368 555; x_wconf 81' lang='lat' dir='ltr'>pauca</span> <span class='ocrx_word' id='word_1_14' title='bbox 393 487 514 542; x_wconf 85' lang='lat' dir='ltr'>dicamus</span> <span class='ocrx_word' id='word_1_15' title='bbox 542 487 576 541; x_wconf 88' lang='lat' dir='ltr'>de</span> <span class='ocrx_word' id='word_1_16' title='bbox 604 487 742 540; x_wconf 81' lang='lat' dir='ltr'><strong>codicibus</strong></span> 
     </span>
     <span class='ocr_line' id='line_1_5' title="bbox 39 575 743 644; baseline -0.006 -12"><span class='ocrx_word' id='word_1_17' title='bbox 39 579 217 640; x_wconf 80' lang='lat' dir='ltr'>Blandiniis,</span> <span class='ocrx_word' id='word_1_18' title='bbox 228 593 297 644; x_wconf 89' lang='lat' dir='ltr'>quos</span> <span class='ocrx_word' id='word_1_19' title='bbox 311 576 445 644; x_wconf 84' lang='lat' dir='ltr'>Cmquius</span> <span class='ocrx_word' id='word_1_20' title='bbox 459 577 493 630; x_wconf 82' lang='lat' dir='ltr'>ed</span> <span class='ocrx_word' id='word_1_21' title='bbox 506 575 649 631; x_wconf 75' lang='lat' dir='ltr'>Horatium</span> <span class='ocrx_word' id='word_1_22' title='bbox 662 592 743 629; x_wconf 92' lang='lat' dir='ltr'>suurn</span> 
     </span>
     <span class='ocr_line' id='line_1_6' title="bbox 40 665 743 733; baseline -0.006 -12"><span class='ocrx_word' id='word_1_23' title='bbox 40 667 187 721; x_wconf 89' lang='lat' dir='ltr'>edendum</span> <span class='ocrx_word' id='word_1_24' title='bbox 209 671 292 733; x_wconf 86' lang='lat' dir='ltr'>atque</span> <span class='ocrx_word' id='word_1_25' title='bbox 309 665 501 719; x_wconf 87' lang='lat' dir='ltr'>illustrandum</span> <span class='ocrx_word' id='word_1_26' title='bbox 519 665 650 718; x_wconf 81' lang='lat' dir='ltr'>adhibuit.</span> <span class='ocrx_word' id='word_1_27' title='bbox 688 666 743 718; x_wconf 88' lang='lat' dir='ltr'>Do-</span> 
     </span>
     <span class='ocr_line' id='line_1_7' title="bbox 39 753 743 821; baseline -0.003 -13"><span class='ocrx_word' id='word_1_28' title='bbox 39 755 160 808; x_wconf 89' lang='lat' dir='ltr'>lendum</span> <span class='ocrx_word' id='word_1_29' title='bbox 178 753 287 821; x_wconf 86' lang='lat' dir='ltr'>quidem</span> <span class='ocrx_word' id='word_1_30' title='bbox 307 759 349 806; x_wconf 90' lang='lat' dir='ltr'>est</span> <span class='ocrx_word' id='word_1_31' title='bbox 367 754 470 806; x_wconf 81' lang='lat' dir='ltr'>nullam</span> <span class='ocrx_word' id='word_1_32' title='bbox 488 770 506 806; x_wconf 85' lang='lat' dir='ltr'><strong>a</strong></span> <span class='ocrx_word' id='word_1_33' title='bbox 524 753 642 820; x_wconf 86' lang='lat' dir='ltr'>Cruquio</span> <span class='ocrx_word' id='word_1_34' title='bbox 661 753 743 820; x_wconf 85' lang='lat' dir='ltr'>paulo</span> 
     </span>
     <span class='ocr_line' id='line_1_8' title="bbox 40 841 743 911; baseline -0.003 -15"><span class='ocrx_word' id='word_1_35' title='bbox 40 842 200 911; x_wconf 86' lang='lat' dir='ltr'>pleniorem</span> <span class='ocrx_word' id='word_1_36' title='bbox 211 847 333 895; x_wconf 87' lang='lat' dir='ltr'>veterum</span> <span class='ocrx_word' id='word_1_37' title='bbox 348 841 455 895; x_wconf 89' lang='lat' dir='ltr'>illorum</span> <span class='ocrx_word' id='word_1_38' title='bbox 469 843 601 904; x_wconf 84' lang='lat' dir='ltr'>codicum,</span> <span class='ocrx_word' id='word_1_39' title='bbox 611 841 743 909; x_wconf 85' lang='lat' dir='ltr'>imprimis</span> 
     </span>
     <span class='ocr_line' id='line_1_9' title="bbox 39 930 743 998; baseline -0.004 -13"><span class='ocrx_word' id='word_1_40' title='bbox 39 937 142 985; x_wconf 83' lang='lat' dir='ltr'>autem</span> <span class='ocrx_word' id='word_1_41' title='bbox 161 931 308 983; x_wconf 80' lang='lat' dir='ltr'>Blandinii</span> <span class='ocrx_word' id='word_1_42' title='bbox 329 933 514 998; x_wconf 79' lang='lat' dir='ltr'>vetustissimi,</span> <span class='ocrx_word' id='word_1_43' title='bbox 533 930 743 998; x_wconf 78' lang='lat' dir='ltr'>descriptionem</span> 
     </span>
     <span class='ocr_line' id='line_1_10' title="bbox 38 1019 742 1086; baseline -0.001 -13"><span class='ocrx_word' id='word_1_44' title='bbox 38 1019 145 1073; x_wconf 84' lang='lat' dir='ltr'>litteris</span> <span class='ocrx_word' id='word_1_45' title='bbox 172 1020 331 1071; x_wconf 83' lang='lat' dir='ltr'>mandatam</span> <span class='ocrx_word' id='word_1_46' title='bbox 352 1035 426 1083; x_wconf 88' lang='lat' dir='ltr'>esse,</span> <span class='ocrx_word' id='word_1_47' title='bbox 449 1023 545 1086; x_wconf 78' lang='lat' dir='ltr'>utpote</span> <span class='ocrx_word' id='word_1_48' title='bbox 568 1035 685 1086; x_wconf 89' lang='lat' dir='ltr'>quorum</span> <span class='ocrx_word' id='word_1_49' title='bbox 707 1035 742 1073; x_wconf 90' lang='lat' dir='ltr'>ne</span> 
     </span>
     <span class='ocr_line' id='line_1_11' title="bbox 40 1106 743 1174; baseline -0.003 -12"><span class='ocrx_word' id='word_1_50' title='bbox 40 1106 196 1174; x_wconf 82' lang='lat' dir='ltr'>vestigium</span> <span class='ocrx_word' id='word_1_51' title='bbox 214 1106 324 1174; x_wconf 88' lang='lat' dir='ltr'>quidem</span> <span class='ocrx_word' id='word_1_52' title='bbox 344 1111 443 1170; x_wconf 83' lang='lat' dir='ltr'>exstet,</span> <span class='ocrx_word' id='word_1_53' title='bbox 463 1107 489 1160; x_wconf 83' lang='lat' dir='ltr'>si·</span> <span class='ocrx_word' id='word_1_54' title='bbox 506 1108 596 1161; x_wconf 86' lang='lat' dir='ltr'>varios</span> <span class='ocrx_word' id='word_1_55' title='bbox 612 1108 743 1162; x_wconf 88' lang='lat' dir='ltr'>lectiones</span> 
     </span>
     <span class='ocr_line' id='line_1_12' title="bbox 38 1195 743 1263; baseline -0.004 -12"><span class='ocrx_word' id='word_1_56' title='bbox 38 1195 187 1263; x_wconf 83' lang='lat' dir='ltr'>exceperis</span> <span class='ocrx_word' id='word_1_57' title='bbox 206 1196 241 1248; x_wconf 84' lang='lat' dir='ltr'>ab</span> <span class='ocrx_word' id='word_1_58' title='bbox 260 1195 319 1262; x_wconf 85' lang='lat' dir='ltr'>ipso</span> <span class='ocrx_word' id='word_1_59' title='bbox 339 1196 457 1263; x_wconf 88' lang='lat' dir='ltr'>Gruquio</span> <span class='ocrx_word' id='word_1_60' title='bbox 477 1196 543 1249; x_wconf 80' lang='lat' dir='ltr'>satis</span> <span class='ocrx_word' id='word_1_61' title='bbox 562 1196 743 1263; x_wconf 80' lang='lat' dir='ltr'>neglegenter,</span> 
     </span>
    </p>
   </div>
   <div class='ocr_carea' id='block_1_3' title="bbox 40 1353 746 2469">
    <p class='ocr_par' dir='ltr' id='par_1_4' title="bbox 40 1353 745 1551">
     <span class='ocr_line' id='line_1_13' title="bbox 102 1353 745 1404; baseline 0 -10"><span class='ocrx_word' id='word_1_62' title='bbox 102 1357 131 1404; x_wconf 78' lang='grc'>11)</span> <span class='ocrx_word' id='word_1_63' title='bbox 147 1353 232 1394; x_wconf 77' lang='lat' dir='ltr'>Scholia</span> <span class='ocrx_word' id='word_1_64' title='bbox 246 1354 366 1394; x_wconf 78' lang='lat' dir='ltr'>Horatiano</span> <span class='ocrx_word' id='word_1_65' title='bbox 377 1353 468 1394; x_wconf 79' lang='lat' dir='ltr'>Aoroois</span> <span class='ocrx_word' id='word_1_66' title='bbox 482 1355 501 1395; x_wconf 86' lang='lat' dir='ltr'>el</span> <span class='ocrx_word' id='word_1_67' title='bbox 514 1355 666 1404; x_wconf 73' lang='lat' dir='ltr'>Porphyrionis</span> <span class='ocrx_word' id='word_1_68' title='bbox 679 1358 703 1394; x_wconf 90' lang='lat' dir='ltr'>in</span> <span class='ocrx_word' id='word_1_69' title='bbox 718 1365 745 1396; x_wconf 77' lang='lat' dir='ltr'>es</span> 
     </span>
     <span class='ocr_line' id='line_1_14' title="bbox 40 1423 744 1479; baseline -0.003 -11"><span class='ocrx_word' id='word_1_70' title='bbox 40 1429 117 1479; x_wconf 76' lang='lat' dir='ltr'>porte</span> <span class='ocrx_word' id='word_1_71' title='bbox 132 1435 194 1476; x_wconf 78' lang='lat' dir='ltr'>quae</span> <span class='ocrx_word' id='word_1_72' title='bbox 209 1425 346 1465; x_wconf 77' lang='lat' dir='ltr'>inscribitur</span> <span class='ocrx_word' id='word_1_73' title='bbox 358 1423 458 1466; x_wconf 71' lang='lat' dir='ltr'>Audendo</span> <span class='ocrx_word' id='word_1_74' title='bbox 471 1426 490 1465; x_wconf 84' lang='lat' dir='ltr'>el</span> <span class='ocrx_word' id='word_1_75' title='bbox 506 1425 638 1476; x_wconf 72' lang='lat' dir='ltr'>Corriycncln.</span> <span class='ocrx_word' id='word_1_76' title='bbox 662 1426 744 1476; x_wconf 88' lang='lat' dir='ltr'>v01.1,</span> 
     </span>
     <span class='ocr_line' id='line_1_15' title="bbox 40 1498 177 1551; baseline -0.044 0"><span class='ocrx_word' id='word_1_77' title='bbox 40 1513 65 1551; x_wconf 83' lang='lat' dir='ltr'>r·</span> <span class='ocrx_word' id='word_1_78' title='bbox 82 1498 110 1538; x_wconf 91' lang='lat'>11</span> <span class='ocrx_word' id='word_1_79' title='bbox 124 1507 177 1546; x_wconf 76' lang='lat' dir='ltr'>sun-</span> 
     </span>
    </p>

    <p class='ocr_par' dir='ltr' id='par_1_5' title="bbox 40 1567 745 1688">
     <span class='ocr_line' id='line_1_16' title="bbox 102 1567 745 1620; baseline 0.003 -13"><span class='ocrx_word' id='word_1_80' title='bbox 102 1569 131 1616; x_wconf 73' lang='grc'>111</span> <span class='ocrx_word' id='word_1_81' title='bbox 147 1567 171 1620; x_wconf 77' lang='lat' dir='ltr'>Q.</span> <span class='ocrx_word' id='word_1_82' title='bbox 184 1567 262 1607; x_wconf 80' lang='lat' dir='ltr'>Horati</span> <span class='ocrx_word' id='word_1_83' title='bbox 275 1567 345 1608; x_wconf 81' lang='lat' dir='ltr'>llucoi</span> <span class='ocrx_word' id='word_1_84' title='bbox 358 1567 425 1618; x_wconf 71' lang='lat' dir='ltr'>opero</span> <span class='ocrx_word' id='word_1_85' title='bbox 440 1567 592 1608; x_wconf 72' lang='lat' dir='ltr'>recensuerunt</span> <span class='ocrx_word' id='word_1_86' title='bbox 606 1567 628 1609; x_wconf 90' lang='lat'>0.</span> <span class='ocrx_word' id='word_1_87' title='bbox 643 1567 712 1608; x_wconf 77' lang='lat' dir='ltr'>Keller</span> <span class='ocrx_word' id='word_1_88' title='bbox 726 1567 745 1609; x_wconf 85' lang='lat' dir='ltr'>ol</span> 
     </span>
     <span class='ocr_line' id='line_1_17' title="bbox 40 1639 731 1688; baseline -0.006 -6"><span class='ocrx_word' id='word_1_89' title='bbox 40 1641 67 1682; x_wconf 83' lang='lat' dir='ltr'>A.</span> <span class='ocrx_word' id='word_1_90' title='bbox 85 1639 176 1680; x_wconf 73' lang='lat' dir='ltr'>Holrler.</span> <span class='ocrx_word' id='word_1_91' title='bbox 191 1639 241 1678; x_wconf 88' lang='lat' dir='ltr'>vol.</span> <span class='ocrx_word' id='word_1_92' title='bbox 254 1639 283 1678; x_wconf 91' lang='lat'>11.</span> <span class='ocrx_word' id='word_1_93' title='bbox 299 1639 353 1679; x_wconf 81' lang='lat' dir='ltr'>soso.</span> <span class='ocrx_word' id='word_1_94' title='bbox 367 1640 408 1687; x_wconf 90' lang='lat'>11.,</span> <span class='ocrx_word' id='word_1_95' title='bbox 423 1639 539 1688; x_wconf 78' lang='lat' dir='ltr'>Praefatio,</span> <span class='ocrx_word' id='word_1_96' title='bbox 552 1651 591 1688; x_wconf 87' lang='lat' dir='ltr'>pp.</span> <span class='ocrx_word' id='word_1_97' title='bbox 605 1639 731 1678; x_wconf 80' lang='lat' dir='ltr'>m-xvrn.</span> 
     </span>
    </p>

    <p class='ocr_par' dir='ltr' id='par_1_6' title="bbox 41 1710 746 2469">
     <span class='ocr_line' id='line_1_18' title="bbox 101 1710 746 1760; baseline 0.003 -12"><span class='ocrx_word' id='word_1_98' title='bbox 101 1711 131 1760; x_wconf 78' lang='lat'>(3)</span> <span class='ocrx_word' id='word_1_99' title='bbox 145 1710 175 1748; x_wconf 89' lang='lat' dir='ltr'>In</span> <span class='ocrx_word' id='word_1_100' title='bbox 184 1719 213 1748; x_wconf 81' lang='lat' dir='ltr'>ea</span> <span class='ocrx_word' id='word_1_101' title='bbox 221 1711 289 1758; x_wconf 77' lang='lat' dir='ltr'>parte</span> <span class='ocrx_word' id='word_1_102' title='bbox 300 1711 385 1749; x_wconf 81' lang='lat' dir='ltr'>codicis</span> <span class='ocrx_word' id='word_1_103' title='bbox 395 1711 413 1749; x_wconf 79' lang='lat' dir='ltr'>A</span> <span class='ocrx_word' id='word_1_104' title='bbox 423 1721 483 1759; x_wconf 80' lang='lat' dir='ltr'>quse</span> <span class='ocrx_word' id='word_1_105' title='bbox 493 1712 517 1749; x_wconf 84' lang='lat' dir='ltr'>ln</span> <span class='ocrx_word' id='word_1_106' title='bbox 525 1710 667 1750; x_wconf 80' lang='lat' dir='ltr'>bibliothece</span> <span class='ocrx_word' id='word_1_107' title='bbox 676 1711 746 1750; x_wconf 80' lang='lat' dir='ltr'>Ham-</span> 
     </span>
     <span class='ocr_line' id='line_1_19' title="bbox 41 1777 745 1830; baseline -0.004 -8"><span class='ocrx_word' id='word_1_108' title='bbox 41 1782 164 1830; x_wconf 77' lang='lat' dir='ltr'>burgensi</span> <span class='ocrx_word' id='word_1_109' title='bbox 179 1781 313 1819; x_wconf 75' lang='lat' dir='ltr'>asservatur</span> <span class='ocrx_word' id='word_1_110' title='bbox 332 1783 356 1820; x_wconf 81' lang='lat' dir='ltr'>et</span> <span class='ocrx_word' id='word_1_111' title='bbox 374 1783 398 1819; x_wconf 88' lang='lat' dir='ltr'>in</span> <span class='ocrx_word' id='word_1_112' title='bbox 416 1780 482 1820; x_wconf 82' lang='lat' dir='ltr'>libris</span> <span class='ocrx_word' id='word_1_113' title='bbox 498 1777 535 1829; x_wconf 77' lang='lat' dir='ltr'>lig</span> <span class='ocrx_word' id='word_1_114' title='bbox 549 1778 643 1821; x_wconf 74' lang='lat' dir='ltr'>Bruxell.</span> <span class='ocrx_word' id='word_1_115' title='bbox 658 1781 745 1820; x_wconf 78' lang='lat' dir='ltr'>litorio.</span> 
     </span>
     <span class='ocr_line' id='line_1_20' title="bbox 43 1849 745 1900; baseline -0.003 -8"><span class='ocrx_word' id='word_1_116' title='bbox 43 1854 119 1892; x_wconf 81' lang='lat' dir='ltr'>Paris.</span> <span class='ocrx_word' id='word_1_117' title='bbox 134 1851 189 1889; x_wconf 70' lang='lat'>8216</span> <span class='ocrx_word' id='word_1_118' title='bbox 204 1849 316 1900; x_wconf 65' lang='lat' dir='ltr'>liminensi</span> <span class='ocrx_word' id='word_1_119' title='bbox 330 1851 402 1890; x_wconf 85' lang='lat' dir='ltr'>Vettii</span> <span class='ocrx_word' id='word_1_120' title='bbox 414 1852 492 1900; x_wconf 80' lang='lat' dir='ltr'>Agorii</span> <span class='ocrx_word' id='word_1_121' title='bbox 505 1851 615 1890; x_wconf 76' lang='lat' dir='ltr'>Mavortii</span> <span class='ocrx_word' id='word_1_122' title='bbox 629 1851 745 1900; x_wconf 87' lang='lat' dir='ltr'>subscrip·</span> 
     </span>
     <span class='ocr_line' id='line_1_21' title="bbox 43 1921 745 1971; baseline -0.003 -8"><span class='ocrx_word' id='word_1_123' title='bbox 43 1926 143 1964; x_wconf 84' lang='lat' dir='ltr'>tionem</span> <span class='ocrx_word' id='word_1_124' title='bbox 157 1921 263 1970; x_wconf 82' lang='lat' dir='ltr'>legimus,</span> <span class='ocrx_word' id='word_1_125' title='bbox 274 1932 333 1971; x_wconf 81' lang='lat' dir='ltr'>quoe</span> <span class='ocrx_word' id='word_1_126' title='bbox 343 1922 442 1971; x_wconf 80' lang='lat' dir='ltr'>Epodon</span> <span class='ocrx_word' id='word_1_127' title='bbox 451 1923 512 1962; x_wconf 87' lang='lat' dir='ltr'>libro</span> <span class='ocrx_word' id='word_1_128' title='bbox 522 1922 626 1962; x_wconf 78' lang='lat' dir='ltr'>submoto</span> <span class='ocrx_word' id='word_1_129' title='bbox 640 1923 670 1962; x_wconf 81' lang='lat' dir='ltr'>od</span> <span class='ocrx_word' id='word_1_130' title='bbox 684 1923 745 1962; x_wconf 86' lang='lat' dir='ltr'>hunc</span> 
     </span>
     <span class='ocr_line' id='line_1_22' title="bbox 44 1993 745 2044; baseline -0.001 -9"><span class='ocrx_word' id='word_1_131' title='bbox 44 1995 152 2035; x_wconf 86' lang='lat' dir='ltr'>modum</span> <span class='ocrx_word' id='word_1_132' title='bbox 170 1994 195 2032; x_wconf 90' lang='lat' dir='ltr'>in</span> <span class='ocrx_word' id='word_1_133' title='bbox 212 1993 220 2034; x_wconf 86' lang='lat' dir='ltr'>l</span> <span class='ocrx_word' id='word_1_134' title='bbox 238 1993 373 2033; x_wconf 83' lang='lat' dir='ltr'>exhibetur:</span> <span class='ocrx_word' id='word_1_135' title='bbox 391 1993 469 2034; x_wconf 79' lang='lat' dir='ltr'>l&#39;cllr&#39;us</span> <span class='ocrx_word' id='word_1_136' title='bbox 483 1993 574 2044; x_wconf 70' lang='lat' dir='ltr'>Aoortus</span> <span class='ocrx_word' id='word_1_137' title='bbox 590 1994 686 2035; x_wconf 79' lang='lat' dir='ltr'>Basilius</span> <span class='ocrx_word' id='word_1_138' title='bbox 703 1994 745 2034; x_wconf 85' lang='lat' dir='ltr'>Mo·</span> 
     </span>
     <span class='ocr_line' id='line_1_23' title="bbox 43 2063 746 2112; baseline -0.001 -7"><span class='ocrx_word' id='word_1_139' title='bbox 43 2065 141 2110; x_wconf 79' lang='lat' dir='ltr'>curtius,</span> <span class='ocrx_word' id='word_1_140' title='bbox 154 2065 187 2103; x_wconf 87' lang='lat' dir='ltr'>oir</span> <span class='ocrx_word' id='word_1_141' title='bbox 200 2063 334 2104; x_wconf 80' lang='lat' dir='ltr'>clarissimus</span> <span class='ocrx_word' id='word_1_142' title='bbox 350 2064 369 2104; x_wconf 82' lang='lat' dir='ltr'>el</span> <span class='ocrx_word' id='word_1_143' title='bbox 385 2063 477 2112; x_wconf 76' lang='lat' dir='ltr'>illuster,</span> <span class='ocrx_word' id='word_1_144' title='bbox 494 2075 519 2104; x_wconf 78' lang='lat' dir='ltr'>eo</span> <span class='ocrx_word' id='word_1_145' title='bbox 537 2065 610 2104; x_wconf 81' lang='lat' dir='ltr'>comite</span> <span class='ocrx_word' id='word_1_146' title='bbox 627 2065 746 2112; x_wconf 81' lang='lat' dir='ltr'>domestico,</span> 
     </span>
     <span class='ocr_line' id='line_1_24' title="bbox 46 2133 746 2184; baseline -0.003 -8"><span class='ocrx_word' id='word_1_147' title='bbox 46 2147 74 2176; x_wconf 76' lang='lat' dir='ltr'>ex</span> <span class='ocrx_word' id='word_1_148' title='bbox 90 2133 180 2174; x_wconf 80' lang='lat' dir='ltr'>console</span> <span class='ocrx_word' id='word_1_149' title='bbox 194 2133 311 2180; x_wconf 74' lang='lat' dir='ltr'>ordinario,</span> <span class='ocrx_word' id='word_1_150' title='bbox 319 2135 360 2183; x_wconf 73' lang='lat' dir='ltr'>op·</span> <span class='ocrx_word' id='word_1_151' title='bbox 368 2133 387 2174; x_wconf 80' lang='lat' dir='ltr'>el</span> <span class='ocrx_word' id='word_1_152' title='bbox 395 2133 421 2173; x_wconf 79' lang='lat' dir='ltr'>ol</span> <span class='ocrx_word' id='word_1_153' title='bbox 428 2135 491 2184; x_wconf 81' lang='lat' dir='ltr'>potui</span> <span class='ocrx_word' id='word_1_154' title='bbox 504 2135 616 2182; x_wconf 68' lang='lat' dir='ltr'>colluctari,</span> <span class='ocrx_word' id='word_1_155' title='bbox 628 2135 746 2184; x_wconf 73' lang='lat' dir='ltr'>conscionis</span> 
     </span>
     <span class='ocr_line' id='line_1_25' title="bbox 45 2203 745 2255; baseline 0 -11"><span class='ocrx_word' id='word_1_156' title='bbox 45 2205 103 2244; x_wconf 80' lang='lat' dir='ltr'>milri</span> <span class='ocrx_word' id='word_1_157' title='bbox 116 2204 221 2255; x_wconf 73' lang='lat' dir='ltr'>moyislro</span> <span class='ocrx_word' id='word_1_158' title='bbox 235 2203 301 2244; x_wconf 80' lang='lat' dir='ltr'>Felice</span> <span class='ocrx_word' id='word_1_159' title='bbox 314 2205 396 2244; x_wconf 79' lang='lat' dir='ltr'>oratore</span> <span class='ocrx_word' id='word_1_160' title='bbox 409 2205 470 2244; x_wconf 78' lang='lat' dir='ltr'>ortis</span> <span class='ocrx_word' id='word_1_161' title='bbox 481 2205 563 2245; x_wconf 73' lang='lat' dir='ltr'>Romae.</span> <span class='ocrx_word' id='word_1_162' title='bbox 590 2206 632 2244; x_wconf 82' lang='lat' dir='ltr'>Hie</span> <span class='ocrx_word' id='word_1_163' title='bbox 645 2206 684 2244; x_wconf 88' lang='lat' dir='ltr'>ille</span> <span class='ocrx_word' id='word_1_164' title='bbox 698 2205 745 2244; x_wconf 83' lang='lat' dir='ltr'>Mo·</span> 
     </span>
     <span class='ocr_line' id='line_1_26' title="bbox 47 2277 746 2325; baseline -0.001 -9"><span class='ocrx_word' id='word_1_165' title='bbox 47 2278 145 2316; x_wconf 83' lang='lat' dir='ltr'>vorlius</span> <span class='ocrx_word' id='word_1_166' title='bbox 161 2277 197 2314; x_wconf 85' lang='lat' dir='ltr'>est</span> <span class='ocrx_word' id='word_1_167' title='bbox 212 2277 252 2325; x_wconf 84' lang='lat' dir='ltr'>qui</span> <span class='ocrx_word' id='word_1_168' title='bbox 267 2286 328 2315; x_wconf 82' lang='lat' dir='ltr'>enno</span> <span class='ocrx_word' id='word_1_169' title='bbox 343 2277 470 2315; x_wconf 78' lang='lat' dir='ltr'>christiano</span> <span class='ocrx_word' id='word_1_170' title='bbox 480 2277 584 2316; x_wconf 81' lang='lat' dir='ltr'>Dxxvrr</span> <span class='ocrx_word' id='word_1_171' title='bbox 598 2278 746 2316; x_wconf 72' lang='lat' dir='ltr'>consulatum</span> 
     </span>
     <span class='ocr_line' id='line_1_27' title="bbox 49 2346 746 2398; baseline -0.001 -12"><span class='ocrx_word' id='word_1_172' title='bbox 49 2347 132 2396; x_wconf 77' lang='lat' dir='ltr'>gessit.</span> <span class='ocrx_word' id='word_1_173' title='bbox 162 2347 209 2385; x_wconf 83' lang='lat' dir='ltr'>Gir.</span> <span class='ocrx_word' id='word_1_174' title='bbox 223 2346 310 2386; x_wconf 82' lang='lat' dir='ltr'>Kelleri</span> <span class='ocrx_word' id='word_1_175' title='bbox 323 2347 399 2398; x_wconf 68' lang='lat' dir='ltr'>Prues„</span> <span class='ocrx_word' id='word_1_176' title='bbox 413 2359 436 2398; x_wconf 85' lang='lat' dir='ltr'>p.</span> <span class='ocrx_word' id='word_1_177' title='bbox 450 2349 490 2388; x_wconf 84' lang='lat' dir='ltr'>XV</span> <span class='ocrx_word' id='word_1_178' title='bbox 504 2359 538 2398; x_wconf 88' lang='lat' dir='ltr'>sq.</span> <span class='ocrx_word' id='word_1_179' title='bbox 553 2349 576 2388; x_wconf 83' lang='lat' dir='ltr'>et</span> <span class='ocrx_word' id='word_1_180' title='bbox 590 2349 681 2386; x_wconf 79' lang='lat' dir='ltr'>Aemilii</span> <span class='ocrx_word' id='word_1_181' title='bbox 690 2348 746 2386; x_wconf 78' lang='lat' dir='ltr'>(lho-</span> 
     </span>
     <span class='ocr_line' id='line_1_28' title="bbox 49 2417 236 2469; baseline 0.005 -11"><span class='ocrx_word' id='word_1_182' title='bbox 49 2419 124 2458; x_wconf 81' lang='lat' dir='ltr'>leloin</span> <span class='ocrx_word' id='word_1_183' title='bbox 140 2417 236 2469; x_wconf 74' lang='lat' dir='ltr'>Polioyr.</span> 
     </span>
    </p>
   </div>
   <div class='ocr_carea' id='block_1_4' title="bbox 0 28 844 2814">
    <p class='ocr_par' dir='ltr' id='par_1_7' title="bbox 0 28 844 2814">
     <span class='ocr_line' id='line_1_29' title="bbox 0 28 844 2814; baseline 0 0"><span class='ocrx_word' id='word_1_184' title='bbox 0 28 844 2814; x_wconf 95' lang='lat' dir='ltr'> </span> 
     </span>
    </p>
   </div>
  </div>
 </body>
</html>
