1766 2774
248 149 477 188 amsrvnauvu
502 149 560 185 nra.
587 149 596 184 1
716 133 769 186 345

6 253 7 318 ᾖ
67 261 148 310 Surge
164 261 188 300 et
202 259 344 298 inhumanae
358 260 450 298 senium
464 257 555 305 depone
570 257 695 303 (lamense,

6 329 7 336 ’
69 331 150 372 cenes
164 331 191 369 ut
205 330 295 379 pariter
308 328 430 378 pulmenta
445 327 564 366 laboribus
579 328 669 376 empta:

68 403 188 442 Romanis
201 399 315 440 sollemne
329 401 385 438 viris
400 407 470 448 opus,
483 399 542 437 utile
557 397 633 437 iamne

70 472 192 521 vitaeque
206 472 231 510 et
244 471 364 518 membris,
377 471 518 519 praesertim
532 478 586 508 oum
599 468 677 507 valeas
692 469 715 507 et
744 470 771 506 50

71 542 118 583 Vel
132 551 204 582 eursu
217 549 330 590 superare
344 550 426 580 sanem
439 540 477 579 vel
492 539 582 578 viribus
596 549 681 587 aprum

72 613 163 654 Possis.
190 612 262 659 Adde,
276 612 352 650 virilia
366 611 430 661 quod
444 612 572 659 speciosius
587 619 652 648 arma

44 680 46 684 '
73 683 130 722 Non
144 684 181 722 est
196 684 236 732 qui
249 682 348 722 tractet:
362 683 419 728 sois,
434 691 480 730 quo
495 681 597 720 elamore
611 689 711 720 coronae

75 753 172 794 Proelia
185 754 303 793 sustineas
317 753 469 802 campestria;
484 753 585 800 denique
599 760 694 791 saevam

76 825 188 864 Militiam
202 833 261 873 puer
275 824 299 863 at
314 822 451 863 cantabrica
464 823 526 862 bella
540 822 617 861 tulisti
746 823 772 860 55

77 895 127 936 Sub
142 896 211 943 duos,
226 897 266 944 qui
280 895 375 944 templis
389 893 531 932 Parthorum
545 894 611 942 signa
625 892 701 941 religit

78 966 146 1006 Nune
160 967 195 1013 et.
209 965 287 1014 siquid
301 965 379 1012 abest,
392 964 464 1003 Italis·
474 964 592 1003 adiudicat
606 965 684 1004 armis.

79 1038 113 1078 Ao
127 1047 157 1076 ne
171 1038 196 1076 te
209 1035 316 1076 retrahas
330 1037 354 1075 et
368 1035 530 1075 inexcusabilis
545 1035 618 1082 absis,

81 1108 193 1154 Quamvis
206 1106 240 1146 nil
254 1107 320 1146 extra
334 1116 459 1146 numerum
472 1107 556 1146 iecisse
570 1107 714 1157 modumque

81 1177 166 1226 ouras,
179 1177 300 1216 interdum
312 1178 407 1226 nugaris
421 1187 476 1216 rure
491 1179 603 1226 paterno:
638 1164 640 1172 ¹
747 1178 774 1214 60

82 1248 188 1288 Partitur
202 1249 285 1288 lintres
300 1250 425 1294 exereitus;
439 1250 504 1288 Aetia
518 1259 597 1298 pugna

84 1319 116 1359 Te
131 1319 188 1359 duos
202 1329 245 1368 per
258 1328 345 1368 pueros
358 1319 439 1358 hostili
452 1329 519 1359 ruore
533 1320 648 1366 refertum

83 1390 236 1429 sdversarius
251 1390 287 1429 est
301 1390 386 1438 irater,
400 1390 465 1429 lsous
478 1390 576 1436 Hadria;
591 1392 665 1431 danao

81 1461 231 1500 Alterutrum
244 1460 313 1500 velox
326 1461 428 1500 Victoria
441 1461 526 1500 fronde
540 1461 643 1500 coronel.

85 1531 221 1571 consentire
235 1533 283 1570 suis
297 1531 381 1571 studiis
396 1532 436 1579 qui
450 1532 576 1570 crediderit
590 1533 626 1580 te,
749 1534 775 1571 65

13 1642 20 1664 Ι,
85 1601 173 1641 Fauior
186 1602 288 1651 utroquo
303 1602 371 1640 tuum
384 1601 489 1640 laudabit
503 1602 588 1650 pollice
602 1602 692 1642 ludum.

14 1676 16 1685 ¹
85 1671 193 1711 Protinus
208 1673 234 1710 ut
248 1680 368 1720 moneam,
382 1672 460 1720 siquid
474 1673 598 1712 monitoris
613 1683 667 1722 eges
681 1674 719 1720 tu.

14 1757 15 1762 ¹
87 1741 145 1790 Quid
159 1742 187 1780 de
202 1751 296 1791 quoque
310 1744 361 1782 viro
376 1744 400 1782 et
414 1744 451 1780 oui
466 1743 541 1790 dieas,
555 1752 626 1792 saepe
640 1744 727 1783 videto.

87 1812 278 1852 Percontatorem
291 1812 379 1862 flagito:
393 1822 448 1851 nam
462 1813 571 1861 garrulus
585 1814 648 1853 idem
662 1814 710 1860 est,

88 1881 133 1922 lieo
145 1883 249 1922 retinent
262 1883 358 1932 patulae
371 1885 495 1922 oommisaa
509 1883 611 1924 fideliter
626 1894 705 1931 aures.
752 1885 778 1922 ‘lo

88 1951 117 1992 st
130 1953 201 1992 semel
216 1954 327 1992 emissum
340 1953 405 1992 volat
419 1954 575 1994 inrevocabile
589 1953 695 1994 verbum.
776 1995 779 2000 ,

58 2075 59 2080 ¹
89 2023 139 2064 Non
153 2024 236 2062 aneilla
249 2024 319 2063 tuum
332 2025 395 2064 ieeur
409 2025 498 2064 uideret
512 2025 560 2064 ulla
574 2035 662 2074 puerve

90 2094 154 2134 Intra
166 2103 326 2134 marmoreum
339 2095 466 2134 venerandi
479 2096 552 2134 limen
566 2097 644 2143 amiel,

123 2255 294 2289 ruminanda:
308 2255 361 2290 arvia
378 2258 448 2290 emissit
459 2259 489 2290 aa
500 2259 572 2290 Horatii
586 2258 642 2290 verbu
656 2265 691 2290 aaa
706 2258 781 2290 usmis

92 2318 179 2351 aarum.
224 2317 253 2351 ss.
263 2317 329 2352 aanor
340 2319 395 2350 orara
406 2319 499 2362 serlum,
510 2320 596 2360 opponas
606 2319 655 2352 tosa.
699 2319 728 2354 es.
736 2327 780 2362 pro·

92 2380 144 2414 isam
155 2381 215 2412 rostra
226 2387 283 2413 amaea
293 2381 343 2416 arad.
355 2381 448 2414 maur.
