1760 2780
157 212 210 264 410
299 227 324 273 Q.
348 224 472 262 nonsrr
496 221 608 258 risaei
633 220 710 257 vrrs

157 335 187 374 ad
196 335 356 375 Maecenatem
365 335 453 382 scripio
463 331 589 381 significat:
602 325 676 368 ‘Anto
690 329 745 377 ipse
759 330 869 369 sufficie·

156 408 212 448 bam
225 406 355 446 scribendis
370 405 477 454 epistulis
492 405 631 446 amicorum
645 408 707 438 nunc
723 403 866 450 occupatis-

157 481 230 518 simus
240 480 264 518 et
274 477 380 516 infirmus
389 475 514 514 Horatium
527 473 636 512 nostrum
644 480 659 509 a
668 471 692 510 te
701 473 778 520 cupio
790 471 866 510 abda·

157 561 216 590 cere.
243 549 327 588 Veniet
341 557 396 596 ergo
412 545 440 584 ab
455 547 501 584 ista
515 543 640 593 parasitica
653 549 738 581 mensa
753 542 786 580 acl
802 543 864 582 hanc

157 623 256 671 regiam,
267 621 290 660 et
300 628 343 658 nos
357 619 381 656 in
396 617 502 666 epistulis
517 614 644 654 scribendis
659 609 809 652 adiuvabit.'
833 615 864 651 Ac

157 703 186 733 ne
205 691 323 731 recusanti
342 688 438 737 quidem
456 687 497 725 aut
516 685 647 724 succensuit
665 684 800 731 quicquam
820 686 862 722 aut

157 764 282 804 amicitiam
296 763 364 799 suam
377 760 484 806 ingerere
503 755 578 795 desiit.
610 753 709 794 Exstant
723 753 860 801 epistulae,

157 845 170 874 e
185 833 270 884 quibus
285 830 417 880 argumenti
427 829 502 876 gratia
512 836 585 876 pauca
599 825 696 864 subieci:
710 819 800 863 “Sume
814 824 860 862 tibi

157 905 246 955 aliquid
260 905 317 944 iuris
337 900 399 950 apud
418 907 467 946 mc,
482 900 603 946 tamquam
621 897 641 934 si
659 895 783 934 convictor
798 894 858 934 milri

156 978 239 1021 lucris:
257 975 320 1014 recte
338 973 400 1011 enim
418 971 442 1010 et
458 978 506 1007 non
523 968 612 1006 temere
629 964 722 1012 leceris,
741 966 857 1014 quoniam

155 1049 180 1087 id
194 1057 251 1086 usas
267 1045 325 1084 milri
342 1044 421 1082 tecum
438 1049 488 1079 csse
505 1038 579 1084 volni,
596 1038 675 1084 siper
692 1034 858 1074 valetudinem

157 1121 223 1159 luam
236 1118 287 1156 ilari
301 1114 396 1165 possit!
419 1111 449 1150 nt
463 1118 557 1150 rursus:
570 1104 629 1146 'Tui
643 1106 738 1156 qualem
752 1105 857 1146 habeam

157 1191 305 1234 memoriam,
319 1185 410 1234 poteris
427 1193 455 1222 ex
472 1181 585 1230 Septimio
603 1186 697 1227 qnoque
713 1178 800 1216 nostro
816 1187 855 1216 au-

158 1261 218 1305 dire3
233 1268 288 1298 nam
301 1255 381 1296 incidit
396 1256 422 1293 ut
437 1253 477 1292 illo
487 1260 567 1290 coram
576 1248 643 1288 fleret
658 1257 671 1286 c
685 1256 723 1286 me
738 1248 776 1285 tui
790 1257 856 1286 men·

157 1335 198 1372 lio.
225 1329 310 1379 lisque·
320 1330 383 1367 enim
397 1327 417 1365 si
431 1327 458 1364 tu
472 1321 588 1372 superbus
602 1319 730 1359 amicitiam
744 1319 855 1357 nostram

157 1403 277 1453 sprevisti,
287 1399 340 1438 idco
350 1407 393 1436 nos
403 1403 497 1446 quoque
512 1388 743 1442 ἁνθυπερηφανοῡμεν
753 1391 765 1428 .’
784 1388 854 1428 Prae·

157 1477 223 1514 terea
235 1481 304 1521 saepe
314 1479 368 1510 eum
377 1470 439 1508 inter
449 1467 507 1505 alios
521 1467 585 1503 iooos
599 1461 754 1510 purissimum
768 1469 854 1508 penem

158 1547 182 1586 et
200 1542 380 1583 homuncionem
398 1537 569 1586 lepidissimum
585 1531 700 1581 appellat,
717 1539 814 1579 unaque
831 1531 853 1568 et

158 1618 233 1656 altera
246 1611 387 1653 liberalitato
400 1607 560 1657 locupletavit.
585 1603 678 1651 Scripta
692 1601 790 1650 quidem
805 1603 852 1640 eins

157 1685 301 1736 usqueadeo
315 1682 425 1732 probavit
439 1685 596 1725 mansuraque
609 1673 727 1723 perpetuo
743 1673 852 1721 opinatus

111 1793 112 1796 ,
158 1759 205 1804 est,
221 1757 248 1795 at
264 1764 312 1795 non
329 1751 399 1791 modo
415 1749 535 1789 Saecularc
550 1753 645 1784 carmen
661 1742 849 1791 componendum

156 1827 293 1873 iniunxerit,
308 1824 349 1864 scd
363 1809 387 1861 st
401 1819 545 1860 vindelicam
560 1815 685 1854 victoriam
698 1812 780 1851 Tiberi
792 1812 850 1850 Dru·

157 1901 224 1950 sique
233 1897 396 1946 privignorum
405 1899 513 1936 suorum,
523 1893 624 1935 eumque
637 1884 740 1932 coegerit
754 1884 850 1932 propter

158 1972 202 2010 hoc
215 1967 291 2008 tribus
305 1966 435 2004 carminum
444 1959 511 2000 libris
521 1968 549 1998 ex
558 1958 628 2005 longo
643 1954 768 1994 intervallo
783 1963 848 2003 qnar-

157 2045 209 2082 tum
223 2039 319 2082 adder03
330 2036 385 2085 post
395 2040 515 2072 sermones
525 2037 580 2069 vero
591 2025 707 2078 quosdam
716 2025 790 2064 iactos
799 2025 847 2064 nal·

157 2114 205 2152 lam
219 2111 255 2150 sui
269 2107 414 2148 mentionem
431 2102 538 2142 habitam
551 2100 584 2139 ita
598 2099 629 2138 ait
644 2090 847 2146 questusz⁸1rasci

158 2192 195 2220 me
205 2179 249 2218 tibi
258 2179 323 2223 scito,
336 2175 400 2224 quod
414 2182 462 2212 non
471 2174 496 2210 in
505 2172 624 2221 plerisque
634 2167 749 2208 eiusmodi
759 2167 846 2215 scriptis

158 2258 250 2288 mecum
267 2247 418 2295 potissimum
437 2243 548 2292 loquaris.
578 2241 613 2278 An
627 2238 727 2283 vereris¹
743 2245 772 2275 ne
787 2236 845 2285 apud

157 2319 267 2367 posteros
287 2315 375 2353 infame
396 2313 440 2351 tibi
461 2315 504 2359 sit,
523 2311 587 2361 quod
608 2309 710 2350 videaris
731 2306 845 2346 familiaris

158 2386 225 2425 nobis
240 2385 320 2424 essal¹
344 2383 512 2432 Expressitqne
522 2381 627 2430 eclogam
642 2379 671 2418 ad
686 2387 721 2426 se,
733 2379 796 2417 cuius
807 2380 845 2418 ini·

159 2453 219 2491 tium
234 2455 281 2491 est:
