1664 2814
93 122 175 190 xxviij
347 136 529 174 rnnnrnrro

93 248 178 311 misit,
190 250 253 300 ante
264 250 369 301 vestros
382 244 476 299 oculos
486 244 609 313 pretioue
622 260 795 313 proponam.

95 338 197 392 Vaietc.

147 515 222 568 Haec
244 512 339 581 scripsi
357 512 498 566 Messanae
516 527 611 566 mense
632 510 720 577 Aprili
743 528 795 566 an.

95 602 290 658 MDCCCXCII.

117 1045 234 1109 Parcus
256 1043 331 1108 Risr
351 1043 486 1107 anroer
507 1042 649 1108 Srtnruu
670 1040 702 1105 S.
726 1043 772 1108 D.

150 1233 229 1299 Quod
244 1233 308 1285 mihi
323 1232 461 1300 negotium
476 1232 610 1285 mandasti
623 1236 653 1285 ut
666 1232 796 1287 codicem

97 1323 202 1376 Horatii
222 1321 434 1384 nobilissimum,
448 1321 535 1388 quiin
549 1321 600 1374 irac
618 1321 797 1376 Bibliotheca
820 1329 821 1334 ’

97 1412 278 1464 Laurentiano
298 1414 440 1477 tamquam
463 1407 599 1479 κειμήλιον
622 1415 796 1479 asservatur,

98 1505 252 1554 excuterem
266 1500 409 1567 variasque
423 1504 450 1552 et
463 1515 509 1552 eas
523 1499 682 1567 praecipuas
697 1498 796 1554 lectio

98 1606 155 1654 nes,
173 1605 243 1656 quae
262 1605 324 1642 cunr
342 1588 456 1641 Horatio
476 1592 523 1640 tuo
543 1593 590 1641 aut
608 1594 796 1654 congruerent

99 1682 146 1730 aut
165 1678 360 1744 discreparent,
381 1691 553 1742 excerperem
573 1676 606 1728 ad
626 1680 707 1742 teque
732 1678 796 1731 mit·

97 1771 197 1828 terem,
218 1767 323 1819 duabus
337 1767 362 1819 id
377 1766 494 1818 maxime
513 1766 547 1817 de
566 1765 655 1817 causis
668 1765 738 1818 mihi
754 1767 796 1820 iu·

99 1855 295 1908 cundissimum
314 1855 380 1907 suit:
398 1855 516 1922 primum
529 1854 602 1921 quod
615 1869 796 1921 summopere

99 1944 249 2011 gaudebam
260 1944 360 2011 aliquid
372 1961 414 1996 me
425 1943 473 1996 tibi
484 1948 590 2010 gratum
600 1943 688 1994 facere
698 1958 795 2009 posse,

99 2032 196 2084 deinde
216 2033 287 2099 quod
305 2033 404 2085 librum
416 2033 596 2086 Horatianum
610 2047 693 2083 manu
708 2033 795 2100 scrip·

99 2125 156 2173 turn
181 2121 395 2174 vetustissimum
418 2122 601 2188 eundemque,
624 2123 703 2173 utet
727 2120 796 2174 alio

100 2223 160 2260 rum
174 2212 201 2260 et
213 2225 274 2261 mea
287 2208 339 2261 fert
351 2210 497 2272 sententia,
512 2226 574 2262 cum
587 2207 697 2261 maximi
710 2211 796 2276 pretii

101 2299 159 2346 tum
187 2297 306 2362 optimae
332 2302 412 2350 notae
438 2297 549 2364 propius
574 2297 736 2364 inspiciendi
768 2305 798 2353 et

101 2383 254 2451 diligentius
272 2385 430 2438 'conferendi
451 2386 693 2455 perscrutandiquc
712 2402 798 2455 prae·
