1664 2814
313 255 491 294 enarrarre
567 243 575 280 l
694 239 748 310 viiij

0 415 1 428 ,
49 363 140 418 verba
160 369 263 417 temere
282 364 475 430 immutaverit,
495 365 650 433 multosque
672 365 749 418 dein·

48 471 118 522 ceps
137 453 247 506 criticos
266 453 354 517 video,
374 454 432 508 eius
451 455 641 508 auctoritatem
660 471 748 508 exem·

1 535 3 542 ’
46 545 184 611 piumque
204 548 326 606 secutoS,
343 543 493 597 innumeris
506 543 664 611 opinionum
678 560 748 598 com·

46 631 167 696 mentia,
203 631 295 698 pravis
329 632 519 700 perversisque
549 631 746 686 mutationibus

45 726 166 789 poetam
182 721 353 775 Venusinam
372 721 538 785 sollicitasse,
559 739 646 790 eoque
665 725 748 775 teme·

45 810 140 863 ritatis
161 813 189 861 et
208 810 351 862 vecordiae
370 811 548 877 processisse,
567 815 598 863 ut
616 811 747 878 plurimos

45 915 151 951 versus
165 901 247 964 atque
262 898 346 950 etiarn
361 899 493 952 nonnulla
511 899 631 952 carmina
648 900 747 952 adime·

45 991 115 1039 rent
128 986 163 1038 ab
173 985 341 1054 Horatioque
356 986 555 1051 abiudicarent;
570 988 636 1041 mibi
646 992 746 1055 tempe·

46 1091 115 1128 rare
132 1091 188 1128 non
205 1091 317 1141 possum
336 1075 401 1143 quin
419 1081 505 1129 artem
519 1076 651 1140 criticam,
665 1093 748 1144 quam

45 1163 206 1231 appellant,
226 1180 242 1215 a
262 1168 335 1216 recto
354 1163 450 1217 itinere
469 1165 583 1218 Bentleii
601 1181 684 1232 opera
701 1166 747 1217 de·

44 1253 154 1304 llexam
174 1254 202 1303 et
220 1251 298 1318 quasi
317 1253 519 1319 quodammodo
536 1254 748 1306 detortamesse

46 1339 130 1392 omni
150 1339 354 1393 asseveratione
374 1341 516 1394 affirmem.

107 1427 242 1496 Equidem
262 1444 317 1480 non
337 1428 359 1480 is
379 1446 440 1482 sum
459 1429 506 1497 qui
524 1430 646 1498 ignorem
665 1429 748 1483 etiam

47 1521 118 1570 ante
147 1515 302 1569 Bentleium
330 1516 491 1585 interpretes
519 1518 672 1583 exstitisse,
701 1518 747 1585 qui

49 1605 242 1671 compluribus
264 1605 369 1658 Horatii
393 1606 460 1659 locis
486 1606 657 1659 coniecturas
683 1622 747 1658 suas

47 1693 205 1760 impingere
218 1695 362 1758 auderent;
377 1712 492 1763 quarum
505 1695 577 1748 lraud
592 1711 693 1762 paucas
705 1693 747 1746 in·

48 1783 135 1835 fitiari
145 1799 253 1849 nequeo
264 1800 279 1835 a
290 1783 412 1836 Bentleio
427 1783 583 1836 acutissime
595 1783 747 1836 infirmatas

50 1887 115 1924 esse
135 1875 163 1922 et
182 1871 297 1924 dilutas:
317 1871 396 1924 doleo
415 1876 507 1924 tamen
527 1871 624 1938 ipsum,
642 1871 688 1938 qui
707 1875 748 1924 tot

51 1961 177 2013 virorum
194 1959 337 2013 doctorum
352 1965 507 2014 commenta
519 1959 672 2024 delevisset,
690 1959 746 2012 suis

52 2047 219 2102 coniecturis
239 2049 343 2101 nullum
363 2049 418 2102 fere
437 2049 550 2102 modurn
569 2052 596 2100 et
615 2049 698 2101 linem
712 2048 748 2100 le·
793 2099 795 2104 .

51 2137 122 2190 cisse
135 2137 346 2204 exemplumque
355 2137 513 2204 praebuisse
524 2136 558 2188 ad
567 2136 745 2198 imitandum,

52 2228 125 2292 qnod
146 2226 224 2280 multi
244 2226 345 2279 scilicet
362 2226 499 2279 intuentes
519 2226 646 2288 alterum,
661 2239 745 2293 prope

54 2313 122 2378 dixi,
146 2313 199 2366 sibi
221 2313 337 2382 quisque
360 2313 504 2367 Horatium
526 2313 650 2365 fabricati
671 2316 744 2364 sunt.

53 2401 120 2456 lllud
149 2407 244 2455 tamen
271 2401 544 2455 animadvertendum
575 2406 618 2454 est
645 2398 745 2452 nostris

54 2491 224 2560 temporibus
233 2491 338 2559 aliquot
348 2490 474 2544 homines
483 2488 589 2542 Horatii
599 2487 745 2545 studiosos,
