1664 2814
92 196 146 265 xiiij
349 211 525 250 sarrrarro

93 328 186 377 tamen
198 322 328 376 lectiones
339 339 447 390 semper
457 322 711 376 commemorandas
723 339 784 376 esse

94 413 195 468 censui.
224 412 294 478 Quin
308 412 402 475 etiam,
416 427 451 464 ne
464 413 545 479 longa
558 411 701 465 nominum
714 413 785 466 serie

93 502 206 556 nimium
225 505 377 554 crescerent
395 501 586 554 adnotationes
605 517 696 564 meae,
717 502 786 555 alios

94 591 122 644 in
141 590 325 652 CarminibuS,
339 589 406 642 alios
425 589 453 642 in
472 589 662 654 SermonibuS,
676 589 745 644 alios
759 591 787 644 in

94 679 223 747 Epistulis
237 684 264 732 et
276 678 341 731 Arte
360 678 467 746 poetica
485 678 664 742 illustrandiS,
682 695 787 747 paucos

94 768 195 835 ubique
209 767 290 820 citavi
304 771 437 820 auctores.
468 767 569 820 Verum
582 767 611 819 in
623 783 656 820 ea
668 783 697 820 re
711 769 788 822 omni

95 873 161 910 cura
185 856 337 919 elaboravi,
362 860 393 909 ut
418 872 489 924 quae
513 856 643 909 lectiones
671 858 790 911 Bentleii

95 944 192 998 studiis
205 945 375 1008 deberentur,
387 943 444 997 sive
457 945 613 1011 probandae
624 950 717 998 essent
729 946 790 1000 sive

95 1034 302 1101 improbandae,
324 1033 353 1086 in
375 1033 465 1086 rnedio
490 1038 664 1101 ponerentur.
707 1035 790 1101 Quod

97 1141 159 1178 curn
171 1125 199 1177 in
212 1124 301 1192 priore
315 1123 404 1191 operis
416 1123 470 1176 mei
480 1129 557 1191 parte
566 1124 604 1177 ita
613 1124 716 1177 factum
727 1141 792 1178 esse

98 1213 364 1276 animadvertissem,
378 1217 409 1266 ut
420 1213 507 1266 multa
525 1213 791 1280 quidemdesidera·

97 1306 204 1366 rentur,
224 1317 294 1370 quae
313 1301 424 1354 omnino
444 1301 594 1355 omittenda
611 1317 666 1355 non
681 1310 790 1367 essent,

97 1391 252 1458 multasque
282 1389 473 1442 adnotationes
502 1389 632 1442 vidissem
660 1397 790 1458 suscepto

98 1479 210 1531 consilio
230 1495 326 1546 pamm
339 1478 503 1544 respondere
516 1494 605 1546 neque
624 1494 687 1531 curn
705 1480 791 1532 adno-

97 1569 232 1621 tationum
241 1568 345 1620 ratione
355 1584 512 1634 congruere,
521 1584 591 1634 quae
601 1568 790 1638 SermonibuS,

98 1657 235 1724 Epistulis,
244 1657 303 1709 Arti
313 1656 435 1723 poeticae
445 1656 568 1709 subditae
579 1661 683 1720 essent,
696 1658 791 1710 omnia

99 1763 169 1812 quae
187 1746 215 1798 in
234 1745 286 1798 illis
305 1745 553 1813 praetermiseram,
566 1745 595 1797 in
608 1750 730 1800 extrema
743 1763 792 1800 vo·

99 1834 209 1888 luminis
228 1839 304 1902 parte
323 1836 446 1903 exposui.

152 1924 183 1976 In
202 1923 309 1976 schedis
328 1924 506 1992 corrigendiS,
525 1941 595 1992 quae
614 1925 681 1979 mihi
700 1943 733 1978 ex
753 1927 792 1979 of·

99 2011 180 2065 ticina
199 2011 361 2066 Liburnensi
380 2013 450 2080 typis
470 2014 620 2080 exscriptae
637 2015 721 2067 semel
740 2015 790 2069 ite·

100 2244 161 2283 tiana
170 2246 248 2284 minor
258 2247 323 2284 sexta
330 2247 508 2295 Hirschfeldert,
517 2248 606 2288 decima
614 2248 639 2288 G.
648 2249 673 2287 Τ.
683 2249 707 2288 Δ.
718 2249 793 2290 Krue·

101 2313 259 2362 gestantem
278 2315 323 2354 arrd
342 2317 458 2366 Eptatcta),
478 2320 573 2358 Luciant
591 2319 697 2358 Muelleri
717 2320 793 2359 editio

101 2393 137 2422 an.
151 2384 371 2426 MDcochxxvss
387 2389 474 2428 iterum
490 2391 610 2439 recognita
628 2390 686 2430 mihi
702 2391 727 2429 in
743 2399 795 2434 ma-

101 2453 169 2494 nibus
184 2455 256 2496 fuere.
