1760 2780
132 125 184 178 tet
406 139 550 178 aenaeae

164 247 182 294 Ι,
196 247 215 286 8.
228 267 249 274 -
261 246 302 285 1-1.
316 256 422 297 properea.
431 273 450 284 ..
463 245 576 296 equitet...
587 244 690 296 Temperet
699 245 766 285 edidi
778 255 835 286 oum

129 317 230 364 Rittem,
246 317 339 362 Trezra.
357 316 544 364 Dilienburgero,
560 316 660 363 Kellero,
677 315 741 356 aliis:
755 326 835 367 prope·

130 397 195 428 rae...
205 386 290 437 equitat.
299 415 317 426 ..
329 386 434 436 Temperat
442 386 621 436 Peerlkampus:
631 396 763 436 properea...
773 388 834 437 aaut·

128 459 193 498 tat...
210 457 316 508 Temperat
333 457 454 497 Bentleiue
473 459 522 504 (eui
536 461 616 496 tamen
632 467 738 508 properae
754 460 834 506 magis

129 527 255 578 piaoobat),
264 528 319 568 Luo.
334 527 467 575 Muellerus,
482 527 625 575 Sohaemus,
638 527 766 575 Nauokiua¹
779 528 834 566 Hir·

129 598 282 638 aohteiderus.
299 598 382 637 -Pro
400 598 485 648 pattena
502 598 627 648 legendum
640 607 692 637 ease
712 597 833 648 impetitae

130 679 270 719 persuasum
284 669 366 708 habuit
380 668 555 718 Peerlkampue.

165 741 182 789 Ι,
197 742 216 780 e.
229 761 250 768 -
263 741 281 779 1.
299 740 357 780 Video
374 740 400 779 ut
417 740 484 780 dium
498 740 539 780 etet
558 740 603 780 entre
617 738 709 780 cauata
726 742 833 780 oonieoit

131 812 304 860 Peerlkampua.
358 812 377 850 4.
392 810 449 850 Post
458 811 521 850 uredo
530 811 723 859 interrogationis
738 814 832 858 notam.

131 893 203 932 quam
218 892 299 922 omnee
313 882 380 921 editt.
394 881 546 928 exhibebant,
561 883 652 930 primus
666 881 756 921 delevit
770 882 831 922 Ben-

131 953 209 1000 tieiue,
216 955 374 1002 reposuerunt
385 953 464 991 autem
473 952 640 1000 Peermmpne
650 953 674 990 et
683 951 832 1002 sonuetziue,

131 1025 256 1074 perpaucis
273 1023 456 1072 suffragantibus
473 1021 540 1061 codd.
598 1022 630 1060 14.
648 1031 696 1062 aare
714 1027 831 1072 perpauci

132 1093 201 1134 codd.
358 1085 364 1094 ’

166 1165 184 1211 Ι,
195 1165 226 1202 10.
237 1183 258 1190 -
268 1165 286 1202 1.
295 1163 393 1210 Mercuri,
398 1162 496 1212 saeuite
504 1172 569 1212 nepae
578 1163 685 1202 distinxit
694 1163 830 1206 Bentleiue:

132 1233 226 1274 Mercuri
230 1231 332 1283 secunde,
341 1243 405 1284 nepae
415 1233 482 1272 editi.
492 1235 546 1272 anta
555 1233 698 1282 Bentletum‚
708 1234 830 1283 probante

132 1305 294 1354 Peerlkampo.

166 1378 184 1426 1,
195 1377 226 1416 11.
237 1397 257 1404 -
268 1377 287 1416 1.
295 1376 404 1426 Plerique
414 1376 481 1416 oodd.
491 1375 647 1416 distinotionis
656 1379 751 1426 signum
760 1389 828 1428 praa·

133 1447 191 1488 beni
204 1449 266 1486 inter
280 1447 333 1486 eetre
347 1449 370 1486 ei
385 1447 459 1495 nesam
470 1456 542 1496 quare
556 1449 581 1486 in
594 1448 675 1487 multia
690 1448 757 1488 editt.
773 1455 829 1489 ante

131 1518 266 1558 Bentleium
279 1518 303 1556 id
321 1517 453 1566 legentibus
472 1517 642 1557 obversabatur
658 1519 713 1558 seire
730 1517 828 1571 (eaesae),

132 1589 198 1638 quod
207 1590 292 1628 merito
302 1586 455 1636 reprehendit
464 1588 637 1636 Peerlkampus.
691 1587 710 1626 t.
724 1587 829 1630 dederant

132 1668 178 1708 pro
192 1657 286 1698 dederint
299 1655 314 1710 ψ
327 1658 400 1697 Paris.
415 1659 467 1696 ieie
482 1659 520 1697 aiii
534 1661 651 1708 perpauci.

167 1731 184 1778 1,
200 1730 363 1770 11.-νοω
382 1729 430 1769 e-1t
450 1730 480 1770 ab
498 1730 596 1770 Horatio
617 1731 757 1770 abiudicavit
771 1731 826 1771 Luo.

132 1800 266 1840 Muellerus.
324 1802 356 1840 11.
375 1799 484 1842 Blandum
501 1802 568 1841 codd.
586 1801 718 1840 Horatiani:
737 1799 827 1841 Doctum

133 1871 236 1911 Servius.
289 1873 321 1911 12.
335 1873 407 1912 euectae
416 1881 460 1921 pro
471 1873 572 1922 eoquod
583 1874 619 1912 est
628 1882 718 1924 quer-cue
727 1873 826 1912 o‘onieoit

131 1943 306 1992 Peerlkampua.
374 1944 406 1982 1³.
424 1943 533 1993 Plerique
551 1944 617 1983 codd.
635 1944 691 1992 poet
708 1945 772 1994 priua
792 1945 825 1983 di-

133 2014 266 2064 stinguunt:
277 2012 332 2065 Quid
343 2016 409 2064 priate
421 2013 505 2054 dicam?
515 2015 586 2054 aetitia
597 2013 706 2064 pat-entem
719 2012 824 2056 Muretus

134 2093 161 2122 ex
176 2085 317 2132 eonieotura,
326 2085 475 2134 improbante
485 2084 599 2132 Bentleio,
609 2086 650 2134 qut
659 2086 691 2123 aio
700 2085 825 2134 legendum

133 2163 185 2193 esse
199 2157 283 2194 statuit
297 2155 360 2207 Qeeem
373 2157 437 2206 priua
449 2155 517 2195 dicam
533 2155 604 2196 eolttt'a
619 2157 731 2206 pareatum
747 2155 825 2198 Laudi·

133 2223 187 2266 ius?
201 2225 369 2275 Peerlkampus
378 2229 458 2266 autem
473 2225 534 2278 Quid.
542 2253 560 2265 ..
572 2226 686 2276 parentum
699 2223 823 2268 Laetitiae?

134 2296 207 2336 edidit
222 2299 246 2336 et
260 2296 372 2337 defendit.
426 2300 458 2337 15.
473 2297 492 2336 et
505 2307 549 2346 pro
563 2307 588 2336 oc
602 2298 692 2347 aliquot
711 2298 783 2346 codd,
795 2302 822 2340 ut

133 2366 186 2405 am.
207 2366 295 2405 Moneo.
317 2369 382 2408 14685
400 2368 545 2415 Meliiceuets‚
565 2368 704 2416 receperunt
720 2367 823 2410 Kellerua
