1664 2814
98 111 189 178 xxxiiij
353 123 535 162 enarrarre

99 233 189 287 virum
202 233 255 286 adii
269 249 332 286 curn
345 231 558 286 eruditissimum
571 235 629 285 tum
640 231 811 300 priscarum

98 322 250 376 litterarum
263 323 343 390 louge
353 321 563 388 peritissimum,
574 320 723 374 Caesarem
734 321 811 376 dico

98 411 187 475 Pauli,
201 411 247 479 qui
267 427 322 478 qua
341 425 450 476 semper
468 409 519 462 snit
538 409 712 462 humanitate
727 411 809 464 mihi

100 499 247 553 haesitanti
272 516 304 552 ae
330 498 466 552 dubitanti
492 496 626 550 benevole
651 497 809 554 satisfecit.

99 587 165 640 Eius
184 587 269 640 verba
289 587 348 654 ipsa
371 586 458 654 magis
479 587 515 640 ad
537 602 594 638 rem
616 585 809 652 pertinentia,

100 691 171 743 quae
184 691 290 728 merum
310 691 358 742 per
376 675 480 728 litteras
497 673 724 736 communicavit,
738 691 808 742 pre·

101 765 170 818 tium
182 771 224 818 est
237 780 336 832 operae
349 764 404 816 huc
417 764 526 821 referre.
555 762 623 816 Cum
636 761 710 815 enim
725 765 807 818 codi-

102 868 161 906 cem
174 853 247 906 hunc
260 853 370 905 saeculo
379 852 415 904 XI
428 856 511 918 atque
524 851 593 904 adeo
606 849 700 918 primis
714 851 808 907 huius

101 940 203 993 saeculi
219 941 297 994 annis
315 939 494 994 recentiorem
507 955 568 992 esse
585 937 761 1005 negavisset,
777 946 808 994 et

101 1028 219 1083 eundem
236 1045 298 1082 oum
315 1028 375 1082 eliis
391 1028 499 1082 duobus
510 1027 697 1081 Bibliothecae
713 1023 807 1082 Laur.

103 1117 252 1180 codicibuS,
276 1133 393 1185 quorum
417 1117 533 1169 alterum
546 1115 644 1183 (Astu.
664 1119 708 1168 50.
729 1117 806 1170 Geli.

101 1209 162 1272 fior.
182 1214 233 1260 tau.
253 1207 300 1272 31)
320 1212 384 1260 ante
409 1221 512 1258 annum
535 1203 703 1266 DCGGXCV‚
728 1205 806 1259 alte·

103 1309 162 1347 rum
178 1294 232 1359 (Pl.
246 1295 330 1356 XIX,
344 1297 386 1346 34.
402 1295 467 1346 Coit.
485 1294 545 1358 fior.
564 1298 616 1344 tuo.
636 1288 682 1355 42)
704 1293 807 1346 medio

103 1383 211 1436 saeculo
231 1383 266 1434 Xl
285 1382 415 1448 seriptum
434 1384 556 1448 constat,
568 1379 597 1432 in
610 1379 807 1435 contentionis
826 1415 827 1450 ,

102 1470 368 1538 comparationisque
396 1470 526 1523 iudicium
554 1471 693 1529 vocasset,
726 1459 827 1532 haeel

102 1560 224 1613 monuit:
245 1559 308 1611 «Se
328 1559 355 1611 io
374 1575 430 1611 non
449 1559 621 1625 nr'inganno,
645 1555 665 1608 il
687 1555 754 1610 cod.
778 1559 806 1612 di
826 1547 827 1620 l

103 1648 208 1712 Orazio,
221 1647 264 1714 pei
277 1647 402 1700 caratteri
422 1647 527 1714 gratini,
547 1651 590 1698 sta
609 1645 638 1698 in
657 1660 757 1700 mezzo
779 1649 807 1702 ai
826 1631 827 1702 ἶ

102 1737 156 1789 due
173 1737 256 1789 citati.
294 1737 336 1789 Ha
355 1736 399 1788 del
416 1736 505 1802 primo
523 1735 548 1786 la
568 1733 729 1802 limpidezza
744 1751 764 1790 e
778 1738 807 1791 la

105 1824 267 1891 semplicita,
291 1825 335 1877 del
360 1824 479 1876 secondo
504 1823 532 1875 la
557 1823 645 1875 forma
668 1822 764 1878 solida
792 1811 827 1880 e¹

103 1913 232 1980 regolare.
277 1913 310 1965 Se
336 1927 393 1966 non
420 1913 483 1974 che,
508 1911 621 1977 rispelto
647 1909 673 1963 al
697 1910 808 1978 primo,

103 1999 244 2066 apparisce
267 2000 314 2066 pih
337 2001 469 2053 moderno
488 2015 537 2066 per
554 1999 581 2052 la
599 2013 757 2054 mancanza
780 2003 808 2056 di

104 2087 168 2154 ogni
191 2087 291 2141 traccia
309 2087 336 2139 di
355 2087 470 2145 corsivo,
490 2103 539 2155 per
557 2102 650 2140 essere
671 2085 700 2138 la
723 2093 810 2146 scrit-

104 2179 166 2228 tura
185 2191 234 2226 sua
253 2175 389 2228 delineata
410 2191 462 2229 eon
481 2174 545 2243 quei
561 2175 810 2250 pletehmaestyen,

104 2261 345 2328 kraftipenlrtpen
354 2263 405 2315 che
415 2279 483 2316 sono
494 2261 629 2330 (secondo
638 2262 689 2315 Th.
701 2262 812 2332 sichel,

105 2350 201 2402 Privit.
223 2351 280 2402 Otto
297 2349 316 2412 l,
333 2365 359 2416 p.
379 2349 425 2416 10)
440 2351 628 2404 caratteristici
639 2349 712 2405 uelle
725 2358 815 2412 serit·
