1664 2814
298 194 478 234 mmm
671 181 733 250 xxxj

38 308 106 360 Sati.
121 306 144 368 1,
159 306 184 358 Ξ.
200 305 236 368 11,
256 306 281 358 i.
300 305 335 368 11,
355 306 371 357 3
389 305 418 358 iu
437 304 516 358 biuas
536 309 628 372 paries
647 305 734 358 dism-

36 397 122 450 butae
138 395 207 457 sint,
221 410 338 462 quarum
356 393 479 462 singulae
497 409 624 461 quaeque
642 398 734 461 paries

35 484 208 554 posteriores
226 499 243 536 a
262 500 287 536 v.
306 484 341 536 86
353 485 470 550 Rcoibuc
488 484 532 535 iiic
549 500 607 536 mos
622 487 699 546 cett„
719 499 736 537 a

37 592 63 628 v.
85 575 121 626 53
141 574 278 626 Sordidus
297 590 314 624 a
334 575 410 624 tenui
427 576 505 634 caii,
525 589 542 624 a
560 588 585 624 v,
608 572 658 624 168
675 573 735 624 Ser-

35 667 101 716 vius
123 663 246 728 Oppdiuc
258 665 320 714 ceti.
333 660 439 714 initium
456 660 580 728 capiant;
600 660 628 712 in
647 661 735 728 primo

37 756 136 806 autem
156 767 282 804 sermone
295 750 370 804 nulla
383 750 453 803 inter
465 749 533 804 duas
547 754 651 817 parteS,
665 767 736 818 quae

37 857 74 894 ex
85 839 222 894 divisione
231 839 309 903 fiunt,
317 843 405 892 exstat
414 838 567 906 iuscripii03
577 838 605 891 in
616 840 736 892 secundo

37 932 112 984 haec
126 933 169 982 esi
181 927 303 981 rubrica:
322 947 336 976 «
349 929 469 996 Corripit
480 930 606 982 sordidos
623 929 672 981 sub
693 929 738 994 Os·

38 1021 105 1084 felii
116 1020 225 1071 nomine
236 1035 266 1080 »;
280 1017 308 1070 iu
321 1017 402 1071 tertio
417 1017 534 1085 denique
547 1018 631 1071 haec:
645 1035 659 1066 u
672 1020 737 1072 Con·

38 1116 89 1160 tra
109 1108 265 1160 ambitiosos
283 1113 306 1159 ei
325 1123 423 1160 avaros
441 1108 530 1175 ecioyo
552 1109 608 1160 V».

98 1196 154 1248 Sed
167 1196 236 1248 haec
248 1196 390 1249 hacteuua
417 1196 494 1249 Nunc
512 1200 543 1250 ut
561 1196 595 1248 ad
615 1195 667 1248 alia
679 1211 738 1262 per·

40 1301 121 1354 gam,
141 1285 169 1336 id
188 1285 266 1352 quasi
282 1284 448 1352 praeteriens
459 1283 538 1354 (nam
551 1285 604 1338 hoc
616 1285 738 1352 profacto

43 1375 80 1426 ad
92 1373 215 1426 criticam
224 1373 356 1426 librorum
365 1373 503 1428 iudicandi
512 1373 740 1440 existimandique

42 1462 181 1516 rationem
202 1478 257 1515 nou
276 1463 392 1516 mulium
411 1461 523 1528 attinet)
543 1462 738 1525 animadverto,

42 1551 170 1604 codicem
201 1550 303 1618 ipsum,
332 1552 366 1604 de
394 1568 449 1620 quo
480 1551 649 1619 quaerimus,
677 1549 739 1603 ideo

42 1639 135 1693 mulio
152 1639 237 1706 pluris
254 1639 465 1704 aestimandum,
484 1641 557 1707 quod
573 1640 647 1692 hunc
659 1638 740 1692 Fran·

44 1728 113 1781 cisci
131 1727 296 1780 Peirarchae
320 1727 416 1791 fuisse,
436 1745 498 1781 cum
517 1745 551 1780 ex
569 1726 740 1781 adnotatiun-

46 1817 117 1871 culis
146 1816 284 1869 nonnullis
312 1817 346 1869 ad
374 1817 475 1870 codicis
503 1817 654 1884 marginem
681 1816 739 1870 eius

46 1907 135 1974 ipsius
154 1921 239 1958 manu
258 1905 395 1973 ascriptiS,
408 1911 468 1959 ium
481 1923 514 1958 ex
527 1906 585 1959 eius
604 1905 739 1973 subscrip-

45 1996 132 2057 tione,
141 2010 212 2062 quae
222 1994 250 2047 in
260 1993 359 2048 codicis
368 1994 740 2063 principiolegimnluculen-

47 2090 90 2137 ter
99 2087 228 2151 apparet:
243 2083 308 2150 quin
321 2084 416 2137 veroh
472 2083 567 2137 omnia
576 2083 740 2137 Petrarchae

48 2188 135 2225 manu
160 2176 272 2224 exarata
299 2176 392 2244 essent
476 2172 536 2225 itari
563 2189 619 2226 non
646 2185 740 2239 posse,

50 2260 163 2314 Petrum
182 2259 273 2327 ipsum
286 2260 320 2312 de
332 2248 448 2324 N'olhac,¹
461 2261 538 2314 uide
551 2260 611 2314 aliis
623 2265 742 2321 iaceam,

51 2349 333 2412 affirmasse,.aucior
350 2348 418 2400 mihi
442 2348 494 2402 suit
514 2347 744 2414 locupletissimus

53 2436 140 2491 Guido
149 2436 240 2506 Burgi,
254 2437 335 2490 huius
348 2435 535 2490 Bibliothecae
544 2433 744 2488 Laurentianae
