1664 2814
111 151 165 219 xxij
366 166 547 204 ebionem

112 274 185 328 notis
204 275 232 328 C.
249 275 303 328 VII.
325 277 348 329 7.
368 274 503 343 signatum
524 273 561 342 (D
581 274 652 342 apud
673 275 805 328 Iacobum

113 363 287 432 Oberlinum)
298 369 324 418 et
335 363 507 432 Argentorati
518 363 613 431 (hodie
626 363 803 432 Strassburg)

113 457 297 516 asservatum,
312 452 388 506 euius
406 457 496 507 ortum
515 469 531 504 a
550 453 658 505 saeculo
677 452 714 505 XI
732 453 805 506 Hau-

111 542 225 606 thalius,
245 558 261 594 a
280 542 389 595 saeculo
408 541 432 594 X
450 542 573 595 Kellerus
592 541 726 608 repetivit.

201 633 419 699 e==Parisinus
438 631 507 684 7974
526 630 627 683 saeculi
645 631 671 683 X
688 630 717 683 in
731 630 803 684 Pari·

113 719 173 772 sina
192 719 230 772 rei
249 719 373 786 publicae
393 718 556 772 bibliotheca
569 718 639 772 inter
652 719 804 773 vetustissi-

114 823 174 860 mos
193 808 299 861 codices
316 807 460 876 repositus.
491 807 563 861 Olim
582 823 646 860 vero
665 809 804 861 Remeneis

115 896 271 960 vocabatur,
290 911 353 950 eum
373 896 401 949 io
423 895 498 948 libris
520 895 618 949 fuisset
639 895 733 948 Sancti
753 897 804 950 Re·

114 983 187 1052 migii
219 984 247 1036 in
277 985 344 1038 urbe
371 985 465 1038 Remis
492 983 698 1052 (Durocortoro,
724 985 805 1038 hodie

112 1071 249 1140 Rheims).
280 1073 383 1126 Dicitur
400 1073 481 1126 etiam
497 1075 648 1126 Puteoneue
660 1087 676 1125 a
690 1072 804 1127 fratrum

114 1163 299 1238 Puteanorom
329 1161 446 1216 nomine.
491 1161 671 1229 Apographus
701 1168 746 1215 est
775 1163 804 1216 ad

114 1251 234 1304 eiusdem
252 1267 363 1319 prorsus
379 1250 440 1303 libri
453 1251 591 1318 exemplar
610 1265 773 1318 expressuS‚
791 1268 804 1304 a

115 1355 169 1408 quo
187 1340 339 1407 descriptus
358 1343 400 1392 est

202 1429 265 1498 ψε
275 1431 421 1482 Parisinus
435 1429 501 1482 7971
518 1427 619 1481 saeculi
635 1429 658 1480 X
675 1428 803 1483 ineuntis.

114 1519 183 1572 Huic
192 1518 255 1570 olim
266 1534 366 1571 nomen
374 1517 462 1570 fuerat
470 1519 661 1570 Florioceooio.
681 1517 738 1570 Sed
747 1535 804 1572 eum

115 1623 131 1661 a
144 1607 308 1660 monasterio
321 1606 500 1670 moriacensi,
515 1606 548 1658 de
561 1623 615 1674 quo
630 1621 714 1672 supra
734 1623 803 1660 men·
816 1643 817 1646 =

114 1696 217 1750 tionem
232 1696 296 1759 feci,
310 1696 337 1748 in
351 1695 598 1748 Biieudifontanem
612 1693 754 1748 Gallorum
769 1711 802 1748 re-

115 1785 155 1852 gis
173 1784 366 1838 bibliothecam
379 1789 452 1836 esset
465 1783 581 1846 delatus,
597 1798 714 1835 anovae
733 1785 803 1837 sedis

115 1873 225 1926 immine
237 1874 485 1938 Bliaudifontanuo
498 1873 631 1926 vocitatus
645 1871 704 1923 fuit.
730 1869 804 1926 Nune

116 1978 189 2024 vero,
213 1967 317 2014 mutato
343 1961 467 2024 nomine,
490 1961 517 2013 in
540 1976 653 2013 numero
675 1960 804 2015 librorum

115 2065 198 2104 manu
211 2049 371 2118 scriptorum
386 2054 440 2112 est,
454 2049 552 2117 quibus
571 2047 695 2100 Parisino
710 2049 751 2102 rei
765 2065 804 2117 pu·

115 2139 201 2192 blioae
221 2139 385 2192 bibliotheca
404 2143 501 2191 ornata
518 2141 560 2190 est
579 2135 747 2203 etcopiose.

171 2315 246 2367 Aiios
268 2314 350 2366 etiam
373 2313 479 2366 codices
502 2315 534 2366 ad
557 2314 674 2381 ipsamet
696 2314 805 2382 vulgata

117 2401 222 2459 Horatii
241 2401 324 2458 verbe
344 2401 531 2459 confirmanda
549 2407 596 2462 aut
615 2418 694 2459 veras
716 2402 806 2462 lectio-
