1664 2814
296 195 479 234 enarrarre
659 179 732 248 xxvij

38 355 41 362 .
89 305 167 358 Haec
189 303 275 358 habui
296 320 367 372 quae
386 305 420 358 de
439 304 577 359 codicibus
599 304 732 368 dicerem,

36 409 157 462 quorum
175 397 285 460 praeter
302 397 408 446 ceteros
426 393 557 446 lectiones
576 392 733 461 perquirere

36 489 64 536 et
84 482 251 550 investigare
263 481 330 534 ulile
343 483 490 536 duxissem.
527 483 673 551 Equidem,
687 483 734 536 ubi

35 573 159 640 primum
177 572 205 625 id
224 572 291 625 mibi
310 573 415 640 sumpsi
426 579 458 626 ut
469 572 576 626 Horatii
595 588 679 640 opera
697 573 731 625 ad

35 662 208 731 optimorum
229 663 425 730 exemplarium
443 663 526 716 fidem
545 663 666 726 ederem,
686 649 734 714 ali-

35 751 105 819 quid
124 749 208 804 etiam
227 751 305 813 novi,
319 752 393 818 quod
411 752 445 805 ad
458 751 671 804 Horatianorum
690 767 735 803 co·

35 840 131 892 dicum
151 838 279 891 notitiam
297 839 438 902 attineret,
453 839 482 892 iu
500 839 621 892 medium
639 839 736 892 afferre

36 927 134 982 statui.
171 926 351 994 Quapropter,
364 944 428 981 cum
442 927 536 981 multis
554 927 673 994 primum
691 943 736 980 ue·

36 1016 121 1085 gotiis
148 1015 296 1079 distentus,
318 1016 416 1070 deinde
442 1017 556 1070 affectus
580 1016 736 1070 valetudine

35 1104 209 1158 Florentiam
218 1104 352 1171 proticisci
365 1121 421 1158 non
435 1120 557 1172 possem,
568 1109 598 1158 ut
607 1105 737 1172 antiquis·

35 1194 142 1247 simum
156 1193 263 1246 Horatii
274 1192 396 1246 codicem
413 1193 552 1260 quondam
566 1209 581 1245 a
593 1193 738 1246 Francisco

36 1283 192 1336 Petrarcba
211 1287 331 1349 emptum
352 1283 498 1350 magnique
511 1282 635 1335 habitum
654 1282 682 1335 iu
700 1282 737 1334 bi·

37 1370 737 1438 bliotheeaLaurentianoexpenderemconferrem,

38 1460 241 1522 describerem,
257 1459 368 1512 Petrum
387 1459 466 1522 Rasi,
480 1459 569 1512 virum
587 1459 738 1513 litterarum

37 1550 189 1604 latinarum
217 1548 413 1616 peritissimum
442 1548 551 1616 meique
584 1547 739 1602 amantissi-

39 1654 120 1692 mum
140 1637 230 1700 oravi,
244 1641 275 1690 ut
293 1652 327 1690 ex
341 1641 449 1690 vetusto
462 1637 531 1690 libro
546 1635 738 1698 Laurentiano,

40 1743 115 1795 quae
135 1727 311 1795 potissimum
330 1727 461 1780 lectiones
476 1743 537 1780 cum
550 1725 666 1778 Horatio
677 1741 739 1778 meo

40 1816 222 1870 concinerent
244 1819 291 1868 aut
314 1815 348 1867 ab
372 1831 404 1867 eo
427 1815 625 1882 discreparent,
648 1830 739 1867 excer-

40 1909 128 1973 peret.
167 1903 228 1969 Qua
247 1903 357 1971 quidem
370 1904 397 1956 in
411 1920 440 1957 re
453 1904 556 1970 collega
570 1919 647 1956 meus
665 1907 740 1956 tanta

42 2010 107 2061 erga
130 2009 174 2056 me
193 1992 386 2045 benevolentia
403 1996 535 2059 tantaque
554 2007 619 2044 eure
638 1995 665 2044 et
683 1990 742 2043 dili-

42 2081 138 2150 gentia
157 2085 283 2133 versatus
297 2084 352 2148 est,
365 2085 396 2133 ut
408 2080 543 2132 maximas
558 2078 583 2132 ei
597 2078 698 2146 gratias
717 2082 744 2130 et

41 2186 123 2237 agere
135 2173 162 2222 et
173 2169 277 2222 habere
286 2169 411 2222 debeam.
434 2169 530 2235 ltaque
541 2171 568 2220 et
577 2167 741 2234 Epistulam,

43 2274 127 2326 quam
153 2256 304 2324 rescripsit,
324 2262 351 2310 et
369 2257 511 2318 lectiones,
532 2271 600 2323 quas
620 2271 653 2307 ex
671 2255 740 2312 Lau-

44 2347 170 2400 rentiano
181 2346 274 2398 codice
288 2345 403 2398 selectas
416 2361 448 2396 ac
461 2345 517 2396 suis
531 2341 743 2396 animadversio-

45 2435 125 2490 nibus
150 2435 300 2494 instruclas
323 2434 390 2492 mihi
409 2432 513 2488 amicus
532 2428 746 2488 humanissimus
