1664 2814
104 167 185 234 xxxvj
359 181 543 218 enarrarm

106 291 129 342 is
152 305 234 358 quem
257 288 449 342 intellexerunt
470 287 679 349 Reifferscheid,
703 287 814 344 Deilef-

105 395 164 440 sen,
180 378 230 431 Th.
248 377 401 430 Mommsen
419 392 481 430 cum
499 376 677 429 adfirmarunt
697 375 746 442 (ut
769 386 814 434 est

105 472 201 521 auctor
210 465 241 519 Ο.
252 465 342 518 Keller
354 468 382 531 Q.
393 467 461 518 Hor.
472 466 520 517 Fl.
536 467 625 532 Opem
636 464 710 530 Lips.
726 463 812 530 1864,

104 556 124 618 Ι,
144 571 170 623 p.
189 553 251 620 XII)
272 571 286 600 «
306 553 334 607 iu
351 553 428 606 ltalia
442 557 551 620 praeter
565 569 650 605 unum
662 553 811 609 undecimi

105 642 207 696 saeculi
230 641 352 694 codicem
374 641 465 695 nullos
488 657 548 693 sese
570 639 710 694 invenisse
735 644 812 696 anti·

105 730 215 798 quiores
232 730 316 783 libros
339 730 543 793 Horatianos»,
562 734 662 790 utrum,
680 727 812 796 inquam⁴

105 819 151 872 hic
169 819 255 871 codex
274 818 348 870 idem
366 817 401 871 sit
413 833 508 880 necne,
522 816 610 870 fateor
622 832 665 868 me
679 819 811 882 nescire;

104 908 155 960 sed
172 907 237 960 illud
251 907 430 960 manifestum
444 911 494 968 est,
508 906 535 958 in
548 906 600 958 hac
615 921 643 957 re
657 905 813 961 vehemen-

106 995 211 1048 tissime
230 1011 336 1048 errasse
354 995 427 1047 viros
441 993 622 1046 clarissimos:
636 1008 712 1055 nam,
727 1000 763 1047 ut
778 997 812 1049 de

104 1082 160 1135 alio
179 1082 284 1135 Horatii
303 1082 396 1134 codice
417 1097 487 1134 saec.
507 1081 551 1143 XI,
571 1080 617 1147 qui
634 1079 662 1131 in
676 1079 732 1133 hac
747 1081 814 1151 ipsa

106 1170 175 1224 Bibl.
185 1171 265 1224 Laur.
276 1175 401 1223 servatur
411 1169 455 1235 (de
466 1186 521 1237 quo
531 1169 578 1222 cir.
588 1168 712 1221 Hauthal
722 1169 742 1222 l.
756 1173 814 1225 adl.

107 1276 133 1332 p.
147 1257 199 1324 111)
212 1264 331 1321 taceam,
346 1259 399 1311 duo
413 1257 458 1311 alii
470 1263 578 1311 exstant
588 1259 615 1310 in
625 1257 705 1310 Italia
717 1259 814 1319 Hora-

105 1349 138 1401 tii
149 1349 255 1401 codices
268 1353 314 1401 vet
304 1347 458 1409 tustissimi,
472 1349 646 1413 Reqinenecm
659 1345 723 1400 dico
737 1348 816 1405 Bibl.

106 1437 167 1490 Vat.
180 1437 247 1489 1703
262 1435 335 1504 (sive
351 1434 653 1503 Wisaemmepensem
633 1451 692 1487 slve
707 1429 831 1526 Succo-

107 1528 271 1588 vaticanum
282 1542 352 1578 saec.
362 1525 398 1577 IX
407 1523 466 1591 [cir
477 1524 645 1579 Chatelainl.
656 1523 711 1578 adl.
723 1542 755 1593 p.
769 1529 831 1596 26]

109 1614 152 1668 rel
171 1630 242 1668 saec.
262 1613 365 1682 X[cfr.
390 1614 545 1667 Hauthall.
566 1614 618 1667 adl
640 1630 666 1681 p.
689 1614 766 1684 111])
793 1627 820 1672 et

109 1705 321 1757 Ambrosianum
334 1703 365 1766 Ο,
379 1703 428 1755 136
441 1719 500 1770 sup.
515 1702 601 1770 (saec.
615 1702 660 1764 IX,
673 1703 724 1755 cir.
742 1705 820 1761 Cha·

111 1790 194 1844 telain
212 1791 229 1843 l.
249 1791 301 1844 adl.
321 1807 347 1858 p.
367 1789 430 1856 24),
448 1790 494 1858 qui
507 1795 549 1842 est
562 1789 685 1843 omnium
699 1791 822 1848 Horatii

110 1879 243 1940 codicum,
264 1878 310 1946 qui
329 1879 439 1946 quidem
456 1879 484 1930 in
502 1879 579 1931 Italia
592 1883 757 1946 serventur,
775 1901 822 1937 an-

109 1966 279 2034 tiquissimus
299 1966 361 2034 (cir.
380 1968 501 2020 Hauthal
519 1966 536 2019 l.
556 1967 609 2019 adl.
628 1981 654 2032 p.
672 1965 725 2033 11).

162 2055 305 2108 Postremo
326 2056 415 2109 facere
435 2073 490 2108 non
509 2071 622 2122 possum
641 2053 711 2122 quin
731 2063 827 2125 profi·

108 2149 175 2206 tear,
187 2145 319 2197 maximas
329 2161 374 2197 me
386 2145 485 2196 debere
495 2144 596 2210 gratias
607 2143 647 2211 (et
657 2145 830 2204 maximam

109 2232 238 2299 equidem
260 2233 375 2298 gratiam
396 2230 496 2297 haheo)
515 2231 634 2284 Henrico
653 2232 831 2306 Rostagno,

110 2320 157 2386 qui
170 2319 251 2372 huius
264 2319 332 2371 Bibl.
344 2321 424 2372 Laur.
435 2319 510 2372 libris
524 2336 608 2372 mauu
621 2320 738 2386 scriptis
758 2343 831 2382 con·

110 2405 254 2457 servandis
277 2406 448 2472 praepositus
472 2412 527 2469 est,
550 2407 596 2474 qui
620 2411 648 2460 et
671 2421 776 2475 opera
804 2423 831 2472 ej
