1664 2814
179 199 183 208 ι
275 233 459 270 PRAEFATIO
642 235 715 274 XXXV

21 347 81 397 turc
98 342 143 396 del
160 343 185 396 X
204 341 310 394 secolo:
332 341 446 408 rispetto
465 340 494 393 ai
506 341 634 404 secondo,
648 341 670 394 si
683 341 717 394 ri·

21 432 82 485 vela
99 447 138 484 un
157 435 292 483 carattere
310 429 339 482 di
350 429 489 496 maggiore
502 429 633 482 antichitd
646 430 718 482 nelle

19 519 119 573 iniziali
137 535 214 571 rosse
234 535 249 570 e
268 518 356 570 anche
370 517 440 570 nelle
452 517 555 584 piccole
567 517 676 584 capitali
689 517 717 572 di

17 609 115 662 alcune
134 607 270 668 rubriche,
285 622 341 658 non
355 606 406 658 che
420 606 447 658 in
461 606 527 659 cerii
540 605 715 660 affusamenti

15 698 42 752 d’
51 701 120 758 aste,
136 696 187 748 che
200 694 224 747 ci
237 694 408 747 richiarnano
421 710 517 760 spesso
531 694 557 746 al
570 694 657 761 primo
670 709 715 762 pe·

11 785 93 839 iiodo
113 783 185 836 della
204 783 333 836 scrittura
353 782 481 835 carolina.
503 800 517 830 »

73 871 179 938 Quibus
207 871 314 924 indiciis
345 871 553 938 rationibusque
581 871 716 926 adductus

12 979 74 1018 non
100 961 206 1014 dubitat
235 960 276 1012 vir
303 959 477 1013 doctissimus
507 960 628 1014 codicem
656 976 714 1013 sae·

8 1051 77 1106 culo
96 1050 120 1102 X
139 1049 290 1102 ascribere:
310 1049 358 1101 sed
377 1049 445 1102 haec
464 1064 520 1102 non
540 1052 642 1102 temere
665 1049 719 1102 ad·-

9 1141 66 1194 dit:
88 1158 102 1187 «
122 1139 166 1192 Ma
184 1139 283 1207 poiche
301 1139 326 1193 le
346 1133 488 1191 iradizioni
508 1137 535 1190 di
549 1138 663 1192 un'arte
677 1137 714 1192 ci

7 1227 143 1283 caraitcri
162 1227 188 1279 di
207 1242 264 1279 una
283 1226 375 1278 scuola
394 1224 500 1278 durano
519 1226 588 1278 olire
600 1226 711 1294 l'epoca

6 1319 38 1371 in
58 1315 105 1369 cui
117 1315 299 1382 primamente
312 1315 335 1367 si
347 1314 489 1381 palesan0‚
505 1317 567 1366 sara
580 1315 715 1381 prudente

7 1421 71 1459 non
92 1403 234 1457 escludere
249 1403 299 1455 che
312 1403 331 1454 il
343 1403 402 1456 cod.
416 1419 499 1470 possa
514 1418 606 1454 essere
620 1402 714 1455 scritto

7 1494 105 1548 anche
125 1492 198 1545 nella
216 1491 305 1558 prima
323 1493 396 1543 mei'a
415 1492 460 1544 del
479 1507 533 1544 sec.
554 1491 598 1544 XI.
619 1508 633 1538 »

68 1585 174 1648 Nemo,
196 1588 330 1652 quantum
351 1584 423 1646 scio,
443 1583 566 1636 codicem
585 1581 714 1645 contulit,

5 1689 79 1730 nam
94 1673 207 1742 quaein
221 1672 322 1726 codicis
336 1671 470 1740 principio
483 1672 635 1739 leguntur«
649 1672 715 1724 Con·

4 1766 64 1817 tuli
87 1779 177 1815 mense
198 1763 342 1827 februario
364 1761 543 1815 MDCCXXI
561 1761 625 1812 Ant.
653 1759 713 1812 Coo-

4 1855 119 1906 chius»
134 1867 189 1904 non
202 1850 314 1911 iabor03
329 1854 403 1902 certo
416 1854 509 1902 autem
523 1848 587 1911 scio,
598 1847 626 1900 in
640 1847 715 1900 nulla

3 1939 121 1995 Horatii
132 1954 248 2006 opernm
258 1937 377 1991 editione
385 1938 477 1990 critica
486 1953 556 2004 quae
564 1936 662 1989 dicitur
669 1933 715 2002 (ne

4 2026 285 2082 Keller-Holderiana
304 2025 416 2093 quidem
435 2031 462 2078 et
482 2024 659 2077 Muelleriana
671 2039 714 2076 ex·

3 2113 135 2184 ceptis),
155 2114 213 2168 eius
233 2114 332 2167 faciam
357 2130 417 2167 esse
440 2114 621 2166 mentionem:
642 2110 715 2178 quod

4 2203 167 2272 permirum
185 2219 252 2256 sane
267 2201 374 2255 videtur
386 2218 449 2256 cum
461 2201 623 2268 iampridem
635 2199 714 2252 Ferd·

4 2291 140 2346 Hauihal
159 2289 217 2358 (op.
237 2289 290 2344 adl.
310 2306 335 2356 p.
355 2288 394 2355 ll)
413 2291 486 2343 hunc
511 2288 563 2341 «in
576 2291 715 2355 praestan·

4 2380 132 2433 tioribus
145 2379 252 2432 Horatii
265 2378 403 2431 codicibus
418 2394 432 2423 »
453 2374 682 2428 annumeraverit.

66 2468 168 2522 Utrum
183 2467 271 2520 codex
284 2467 328 2520 hic
342 2466 413 2518 idern
427 2463 463 2516 sii
475 2462 620 2515 habendus
634 2464 716 2524 atque
