1664 2814
120 120 191 188 xxxij
374 137 553 174 rursssrro

119 245 275 300 Praefectus
297 246 423 314 idemque
442 251 470 300 et
488 245 612 300 doctrina
634 250 661 302 et
683 247 818 304 humani

118 339 173 388 tate
192 335 234 388 vir
251 336 493 402 praeclarissimus.
613 395 617 404 ,

169 423 286 476 Litteras
306 425 421 492 grandes
435 440 490 477 non
504 425 560 477 iere
573 424 693 492 reperias
710 425 771 480 nisi
796 429 827 482 iu

118 527 246 565 versuum
266 517 293 565 et
311 512 518 580 inscriptionum
534 513 617 566 initiis
631 530 662 566 ac
676 530 824 568 monrium·

117 619 199 670 quom
215 602 242 655 in
258 601 324 669 ipsis
336 601 558 670 inscriptionibus
571 602 636 656 totis
649 602 739 670 (quae
759 622 824 658 mo-

118 707 147 744 re
177 691 277 744 usitato
306 690 388 744 rubro
415 692 506 744 colore
535 696 598 745 sunt
626 693 821 761 expressae):

118 797 181 834 nam
195 781 285 834 minus
303 785 377 834 recte
394 781 473 834 docet
485 779 602 834 Bandini
619 779 741 834 «titulos
757 799 820 836 car·

117 870 221 924 minum
240 874 268 922 ct
286 875 446 938 argumenta
467 869 575 923 rubrica
589 871 751 937 plerumque
774 872 819 926 lit·

116 958 181 1011 teris
198 959 359 1026 capitalibus
376 975 437 1012 esse
455 963 605 1021 exarata»,
625 974 694 1025 quae
713 966 820 1014 contra

111 1048 272 1115 plerumque
289 1048 385 1102 litteris
404 1047 515 1102 minutis
535 1047 634 1114 scripta
653 1051 729 1100 suut.

171 1137 223 1202 Qui
236 1153 301 1191 vero
312 1138 412 1190 librum
424 1135 605 1203 transcripsit,
616 1135 737 1190 eundem
748 1153 817 1192 esse

117 1226 194 1280 cuius
212 1226 307 1280 manui
325 1226 407 1280 etiam
420 1225 525 1292 glossas
539 1228 566 1277 et
578 1223 693 1292 margini
707 1227 818 1295 ascrip

117 1319 159 1369 tas
190 1321 217 1370 et
247 1315 371 1368 versibus
401 1312 575 1382 interpositas
604 1313 751 1378 debemus,
787 1316 817 1370 in

116 1410 244 1473 promptu
263 1409 305 1457 est
322 1403 404 1470 idque
427 1402 543 1456 Bandini
566 1402 625 1471 ipse
648 1402 816 1458 confirmat:

116 1493 161 1545 alii
179 1499 283 1555 tamen,
303 1495 331 1544 et
348 1489 366 1544 ii
385 1507 441 1544 non
461 1490 581 1546 eiusdem
596 1491 706 1555 aetatis,
721 1492 815 1548 adno-

116 1581 204 1634 tiones
217 1584 299 1648 atque
312 1579 550 1649 interpretationes
561 1597 625 1635 suas
635 1580 813 1636 addiderunt.

118 1669 208 1722 Codex
226 1674 319 1724 autem
341 1669 400 1736 ipse
423 1669 534 1724 mirifice
559 1672 695 1730 servatus
721 1667 813 1724 nitide

117 1763 257 1822 exaratuS,
284 1759 429 1812 emendate
456 1757 607 1825 descriptus
632 1759 682 1808 est.
727 1756 813 1812 Hunc

118 1865 183 1902 vero
203 1847 322 1914 optimae
336 1853 416 1901 notae
430 1862 490 1900 esse
502 1849 529 1898 et
543 1861 559 1898 a
571 1843 717 1911 purissimo
731 1844 812 1899 fonte

117 1936 282 2000 derivatum,
296 1953 329 1990 ex
342 1937 394 1990 boc
407 1934 523 1988 maxime
534 1931 621 2000 colligi
631 1935 723 1999 potest
732 1936 812 2000 quod

116 2041 178 2079 cum
196 2025 230 2078 iis
249 2024 387 2079 codicibus
405 2019 561 2076 Horatianis
566 2060 574 2089 ,
591 2019 638 2088 qui
651 2019 679 2074 in
692 2018 812 2085 optimo·

117 2131 178 2168 rum
197 2130 311 2168 numero
328 2111 475 2173 habentur,
489 2110 648 2178 plerumque
665 2109 811 2174 congruit:

118 2203 186 2256 adeo
201 2208 232 2257 ut
249 2203 284 2255 ab
302 2202 414 2256 Horatio
433 2204 480 2254 tuo
494 2199 563 2268 (quo
581 2197 610 2250 in
629 2194 734 2248 edendo
746 2199 812 2252 veri

117 2289 270 2342 simillimas
289 2290 345 2343 sere
364 2303 483 2355 semper,
502 2293 533 2340 ut
551 2285 617 2339 mihi
636 2282 745 2352 quidem
772 2287 811 2342 vi·

116 2377 200 2444 deris,
218 2377 344 2445 recepisti
361 2376 491 2430 lectiones
504 2378 532 2428 et
543 2374 579 2428 ab
591 2372 694 2444 argutis
706 2377 814 2442 captio-
