1760 2780
200 230 225 277 Q.
248 231 373 270 nonam
397 233 510 272 rancor
535 236 608 273 vira
698 221 749 275 411
820 255 823 260 ·

148 335 196 370 Cum
208 339 238 370 tot
248 337 344 372 sustineas
357 341 377 371 ct
386 341 442 373 tanta
453 340 532 381 negotia
543 341 607 380 solus.

146 399 184 433 Res
195 399 256 432 italas
268 401 328 433 ermis
338 401 417 440 tuteris.
430 403 517 435 moribus
527 412 594 445 ornes,

146 461 233 504 Legibus
244 463 345 506 emendes,
357 464 377 496 ln
389 465 469 506 publica
480 466 582 499 commoda
594 475 683 510 peccem,

147 523 168 558 si
179 523 237 566 longo
248 534 335 559 sermone
348 535 412 559 morer
423 530 456 560 tus
468 530 565 569 tempora,
578 527 658 563 Caesar.

8 667 9 670 ,
51 626 167 667 Horatius
183 625 265 664 babitu
283 627 389 674 corporis
406 626 451 664 luit
468 625 546 666 brevis
563 629 634 678 atque
651 630 748 680 obesus,

12 729 15 738 ,
52 699 131 750 qualis
148 699 172 736 et
189 707 202 736 a
218 698 293 736 semet
311 699 362 745 ipso
379 698 403 735 in
420 698 498 736 satiris
516 698 656 738 describitur
675 703 698 740 et
718 703 748 742 ab

6 759 7 762 ¹
50 771 159 819 Augusto
173 769 216 808 hoo
230 767 330 816 epistula
345 762 458 806 'Pertulit
472 768 502 806 ad
517 779 554 808 me
570 770 670 819 Onysius
682 772 748 812 libel·

6 879 7 882 ,
51 843 105 882 lum
116 842 194 888 tuum,
204 849 275 890 quem
284 849 334 888 ege,
343 841 370 878 ut
380 841 541 888 excusantem,
554 843 748 889 quantuluscum-

6 899 7 902 ¹
52 920 101 963 que
117 913 163 958 est,
179 909 236 950 bont
251 909 355 950 consulo.
383 909 463 949 Vereri
480 913 559 950 autem
576 912 633 951 mibi
649 915 747 961 videris.

50 991 83 1022 ne
98 983 198 1021 maiores
212 980 285 1020 libelii
299 981 334 1019 tui
348 982 406 1027 sint,
419 990 490 1030 quam
499 983 549 1029 ipsc
564 991 599 1027 es;
614 984 656 1022 sed
670 986 689 1022 si
704 984 747 1023 tibi

50 1054 146 1094 statura
159 1052 236 1100 deest,
249 1052 414 1101 corpusculum
431 1062 478 1090 non
495 1052 568 1092 deest.
594 1054 678 1104 Itaque
694 1056 747 1095 lice·

5 1167 6 1170 ,
23 1171 26 1176 Δ
50 1125 89 1164 bit
103 1125 127 1162 in
141 1123 266 1163 sextariolo
281 1123 380 1171 scribas,
390 1132 437 1173 quo
447 1125 558 1162 circuitus
572 1125 696 1166 voluminis
711 1128 746 1166 tui

4 1177 6 1236 ἶ
50 1196 85 1235 sit
99 1189 287 1245 ὃγκωδέστατος,
304 1195 364 1234 sicut
381 1196 417 1233 est
433 1195 558 1234 ventriculi
575 1197 629 1235 tut·
658 1197 693 1236 sd
707 1207 746 1237 res

4 1251 11 1320 'y
50 1266 165 1306 venerias
178 1266 374 1314 intemperantior
388 1265 497 1304 traditur.
525 1265 599 1314 [Nam
612 1267 707 1316 specula
721 1271 746 1308 in

3 1377 9 1390 ,
49 1334 159 1378 cubiculo
173 1338 279 1376 scortona
293 1337 326 1375 ita
340 1337 425 1376 dicitur
441 1337 550 1376 habuisse
568 1337 692 1386 disposita,
707 1341 744 1387 ut,

3 1389 7 1464 ἱ
50 1416 201 1458 quocumque
211 1409 361 1456 respexisset,
370 1407 414 1446 sibi
423 1410 500 1456 imago
510 1409 585 1446 coitus
595 1409 742 1458 referretur]

50 1477 115 1517 Vixit
128 1477 258 1526 plurimum
266 1479 291 1516 in
300 1486 393 1517 secessu
404 1479 466 1515 ruris
476 1479 512 1515 sui
522 1477 600 1516 Sabini
611 1479 651 1516 aut
662 1478 744 1518 Tibur·

3 1537 8 1587 J
50 1549 104 1595 tini,
112 1548 243 1597 domusque
253 1549 303 1588 eius
313 1548 446 1587 ostenditur
455 1549 516 1586 circa
527 1547 624 1586 Tiburni
633 1549 744 1589 luculum.

49 1619 172 1659 Venerunt
185 1620 210 1657 in
223 1627 306 1657 manns
320 1628 385 1657 meas
399 1619 423 1656 et
438 1618 497 1666 elegi
511 1617 555 1656 sub
569 1619 639 1657 titulo
655 1620 704 1658 etus
719 1622 742 1659 et

3 1723 6 1732 i
50 1689 153 1740 epistula
164 1699 235 1738 prosa
247 1691 363 1736 oratione,
374 1690 441 1738 quasi
451 1689 637 1728 commendantis
647 1699 672 1729 se
681 1689 743 1730 Mae-

49 1760 138 1805 cenati:
152 1760 194 1800 sod
207 1762 308 1809 utraque
321 1760 380 1799 falsa
393 1761 459 1808 puto.
483 1759 742 1810 Namelegivulgares,

3 1851 5 1888 3
49 1830 153 1881 epistula
167 1832 238 1871 etiam
252 1829 361 1876 obscura;
372 1840 419 1879 quo
430 1831 487 1868 vitio
501 1831 596 1869 minime
610 1831 743 1872 tenebatur.

3 1931 6 1956 z
49 1901 126 1942 Natus
134 1903 170 1941 est
177 1902 214 1941 VI.
221 1902 278 1941 Idus
287 1901 428 1948 Decembris,
438 1901 463 1940 L.
474 1901 543 1940 (totta
553 1902 576 1940 et
586 1902 612 1941 L.
622 1902 742 1951 Torquato

49 1972 193 2021 consulibus,
205 1973 304 2013 decessit
314 1973 339 2011 V.
349 1973 398 2011 Kal.
408 1971 543 2012 Decembris
554 1972 577 2011 0.
587 1972 674 2012 Marcio
687 1975 743 2015 Oen·

3 2072 6 2100 ζ
50 2045 131 2085 sorino
141 2046 165 2083 et
175 2043 198 2084 O.
208 2045 286 2083 Asinio
297 2044 363 2083 Gallo
376 2043 511 2083 consulibus
521 2044 576 2093 post
586 2043 744 2096 11*dr'asquam

3 2143 6 2168 ι
50 2113 161 2155 Maecenas
175 2114 227 2155 otili
238 2115 301 2154 LVII
315 2116 399 2155 aetatis
412 2125 480 2162 anno,
488 2114 576 2154 herede
589 2116 693 2164 Angusto
703 2127 744 2166 pa-

3 2213 5 2232 ς
48 2188 98 2227 lam
107 2187 249 2234 nuncupato,
261 2194 314 2224 cum
327 2187 427 2235 urgente
441 2187 464 2224 vi
478 2185 619 2225 valetudinis
634 2195 681 2226 non
695 2187 743 2225 sui-

3 2285 4 2294 ,
49 2257 130 2296 ficeret
145 2256 175 2295 ad
189 2255 344 2305 obsignandas
354 2257 491 2295 testamenti
506 2255 605 2296 tabulas.
629 2256 743 2297 conditus

3 2351 7 2380 ς
50 2328 88 2367 est
98 2328 208 2366 extremis
218 2326 327 2376 Esquiliis
337 2327 402 2365 iuxta
411 2325 552 2366 Maecenatis
562 2327 686 2367 tumulum.
