1664 2814
87 119 149 186 xxvj
343 133 521 171 enarrarro

86 247 117 296 ut
129 242 262 305 videntur,
275 259 417 309 expressas
430 246 513 309 atque
531 241 642 295 editioni
659 241 752 295 adscri
757 260 788 310 p·

86 335 129 385 tas
155 331 219 385 anni
245 331 386 384 christiani
408 332 596 385 MDLXXVIII.
642 330 712 386 Cum
734 331 790 399 igi-

87 420 309 474 turbibliolheca
321 420 464 472 Blandinia
474 420 713 473 Benedictinorum
727 420 790 473 fra-

88 514 160 562 trum
180 509 271 562 Sancti
290 509 362 562 Petri
376 509 403 561 in
416 513 509 561 moute
525 507 669 561 Blandiuio
683 506 791 575 (hodie

88 596 290 664 Blanlreuberg)
313 596 435 650 Gandavi
461 596 570 664 Belgico
594 596 714 649 tumultu
739 613 792 650 an·

89 702 125 738 no
144 686 276 739 MDLXVI
295 689 343 738 aut
361 684 529 748 Muuxvm,
542 690 573 738 ut
585 683 662 738 multi
679 699 790 738 memo

89 774 145 827 riae
168 775 358 842 prodiderunt,
382 777 489 827 vastata
514 780 542 826 et
566 774 672 840 direpta
693 779 790 838 esset,

91 868 219 930 quattuor
231 863 270 916 illi
284 862 403 925 codices,
417 863 463 930 qui
477 878 510 915 eo
529 863 617 914 Roma
636 861 669 914 ad
689 861 791 915 Sancti

90 951 229 1004 Benedicti
247 955 396 1004 sectatores
420 950 496 1002 missi
517 955 606 1014 erant,
627 949 790 1003 miseranda

90 1039 249 1092 Blandiniae
268 1039 449 1092 bibliothecae
462 1039 540 1092 ruina
553 1038 689 1106 absumpti
710 1043 789 1092 sunt.

91 1128 198 1182 Nullam
220 1133 312 1182 tamen
337 1145 448 1182 causam
474 1128 578 1196 reperio
604 1128 789 1195 quamobrem

92 1218 197 1270 Kellero
212 1222 238 1270 et
250 1218 369 1270 Holdero
379 1217 569 1280 assentiamur,
580 1217 625 1285 qui
636 1221 663 1269 et
672 1216 791 1285 Gruquii

92 1305 278 1359 testimonium
299 1305 463 1359 labefactare
486 1311 512 1358 el
537 1305 612 1359 libris
632 1305 790 1360 Blandiniis

92 1395 173 1448 fidem
192 1394 322 1461 abrogare
340 1394 399 1446 ausi
418 1393 480 1446 siut.
516 1393 609 1447 Fuerit
627 1392 739 1461 quidem
762 1395 791 1448 in

94 1483 176 1537 variis
189 1499 302 1536 suorum
315 1483 446 1536 librorum
459 1482 620 1535 lectionibus
633 1482 792 1536 exscriben-

94 1572 135 1625 dis
148 1571 304 1639 indiligenS‚
318 1570 399 1624 fuerit
411 1571 570 1633 mendosus;
585 1569 646 1622 falsi
659 1585 726 1622 vero
739 1571 791 1624 cri·

95 1661 169 1713 mine
187 1660 267 1713 liceat
281 1660 398 1727 Cruquio
418 1659 529 1712 omniuo
549 1674 652 1721 carere,
666 1674 792 1725 praeser-

96 1750 144 1803 tim
163 1765 224 1802 cum
239 1749 273 1802 ab
287 1766 319 1802 eo
333 1749 452 1802 codicem
470 1765 579 1816 quoque
597 1746 700 1810 Divaei,
716 1764 792 1802 nunc

98 1839 258 1891 Leidensem
275 1839 324 1890 127
338 1837 374 1900 A,
388 1838 425 1890 ita
440 1837 568 1890 collatum
587 1852 648 1888 esse
667 1837 793 1903 explora·

98 1931 155 1980 tum
169 1927 216 1989 sit,
230 1930 272 1988 ut,
286 1927 308 1979 si
328 1943 383 1979 non
402 1927 437 1979 ab
456 1926 603 1989 erroribuS,
617 1929 646 1977 at
660 1931 735 1978 certe
757 1928 793 1979 ab

98 2015 171 2068 omui
191 2015 318 2067 minimae
332 2015 433 2068 fraudis
447 2015 601 2083 suspicione
619 2029 681 2066 eum
702 2029 794 2068 remo·

97 2103 232 2156 tissimum
252 2102 335 2155 fuisse
355 2103 494 2156 fatendum
514 2103 548 2156 sit
561 2101 607 2170 (l).

577 2227 795 2238 ἡ

153 2305 180 2352 (1)
195 2305 241 2344 Gir.
256 2305 360 2344 Teuffelii
380 2307 496 2346 Gcscla'rlle
514 2307 550 2347 der
570 2305 689 2346 neniarum
709 2305 797 2352 [Μενα-

99 2375 143 2422 lar,
157 2377 187 2421 1⁵,
201 2376 211 2429 g
227 2377 272 2424 240,
287 2378 306 2422 5,
320 2387 342 2434 p.
357 2378 402 2422 537,
