<?xml version="1.0" encoding="UTF-8"?>
<!DOCTYPE html PUBLIC "-//W3C//DTD XHTML 1.0 Transitional//EN"
    "http://www.w3.org/TR/xhtml1/DTD/xhtml1-transitional.dtd">
<html xmlns="http://www.w3.org/1999/xhtml" xml:lang="en" lang="en">
 <head>
  <title>
</title>
<meta http-equiv="Content-Type" content="text/html;charset=utf-8" />
  <meta name='ocr-system' content='tesseract 3.04.00' />
  <meta name='ocr-capabilities' content='ocr_page ocr_carea ocr_par ocr_line ocrx_word'/>
</head>
<body>
  <div class='ocr_page' id='page_1' title='image "./qhoratiiflaccio00stamgoog_0038.png"; bbox 0 0 1664 2814; ppageno 0'>
   <div class='ocr_carea' id='block_1_1' title="bbox 285 169 724 240">
    <p class='ocr_par' dir='ltr' id='par_1_1' title="bbox 285 169 724 240">
     <span class='ocr_line' id='line_1_1' title="bbox 285 169 724 240; baseline 0 -18"><span class='ocrx_word' id='word_1_1' title='bbox 285 185 470 222; x_wconf 77' lang='lat' dir='ltr'><strong>enarrarre</strong></span> <span class='ocrx_word' id='word_1_2' title='bbox 643 169 724 240; x_wconf 75' lang='lat' dir='ltr'><strong>xxxiii</strong></span> 
     </span>
    </p>
   </div>
   <div class='ocr_carea' id='block_1_2' title="bbox 25 292 728 630">
    <p class='ocr_par' dir='ltr' id='par_1_2' title="bbox 25 292 728 630">
     <span class='ocr_line' id='line_1_2' title="bbox 27 292 725 363; baseline -0.003 -14"><span class='ocrx_word' id='word_1_3' title='bbox 27 297 122 363; x_wconf 88' lang='lat' dir='ltr'><strong>sisque</strong></span> <span class='ocrx_word' id='word_1_4' title='bbox 142 293 307 348; x_wconf 88' lang='lat' dir='ltr'><strong>coniecturis</strong></span> <span class='ocrx_word' id='word_1_5' title='bbox 326 298 409 360; x_wconf 84' lang='lat' dir='ltr'><strong>atque</strong></span> <span class='ocrx_word' id='word_1_6' title='bbox 428 292 668 356; x_wconf 87' lang='lat' dir='ltr'><strong>hariolationibus‚</strong></span> <span class='ocrx_word' id='word_1_7' title='bbox 685 293 725 348; x_wconf 91' lang='lat' dir='ltr'><strong>in·</strong></span> 
     </span>
     <span class='ocr_line' id='line_1_3' title="bbox 25 383 726 452; baseline -0.003 -14"><span class='ocrx_word' id='word_1_8' title='bbox 25 385 100 452; x_wconf 78' lang='lat' dir='ltr'><strong>genii</strong></span> <span class='ocrx_word' id='word_1_9' title='bbox 117 383 313 451; x_wconf 81' lang='lat' dir='ltr'><strong>speciminibus</strong></span> <span class='ocrx_word' id='word_1_10' title='bbox 332 388 360 436; x_wconf 97' lang='lat' dir='ltr'><strong>et</strong></span> <span class='ocrx_word' id='word_1_11' title='bbox 377 383 537 450; x_wconf 87' lang='lat' dir='ltr'><strong>opinionum</strong></span> <span class='ocrx_word' id='word_1_12' title='bbox 549 383 726 452; x_wconf 86' lang='lat' dir='ltr'><strong>commentis,</strong></span> 
     </span>
     <span class='ocr_line' id='line_1_4' title="bbox 26 469 728 541; baseline -0.003 -15"><span class='ocrx_word' id='word_1_13' title='bbox 26 473 128 541; x_wconf 91' lang='lat' dir='ltr'><strong>quibus</strong></span> <span class='ocrx_word' id='word_1_14' title='bbox 157 471 267 538; x_wconf 91' lang='lat' dir='ltr'><strong>saepius</strong></span> <span class='ocrx_word' id='word_1_15' title='bbox 296 471 443 538; x_wconf 82' lang='lat' dir='ltr'><strong>scriptores</strong></span> <span class='ocrx_word' id='word_1_16' title='bbox 471 470 562 537; x_wconf 90' lang='lat' dir='ltr'><strong>potius</strong></span> <span class='ocrx_word' id='word_1_17' title='bbox 590 469 728 538; x_wconf 88' lang='lat' dir='ltr'><strong>corrumpi</strong></span> 
     </span>
     <span class='ocr_line' id='line_1_5' title="bbox 25 557 728 630; baseline -0.003 -16"><span class='ocrx_word' id='word_1_18' title='bbox 25 577 110 630; x_wconf 86' lang='lat' dir='ltr'><strong>quam</strong></span> <span class='ocrx_word' id='word_1_19' title='bbox 131 559 230 627; x_wconf 77' lang='lat' dir='ltr'><strong>corrigi</strong></span> <span class='ocrx_word' id='word_1_20' title='bbox 248 559 389 620; x_wconf 85' lang='lat' dir='ltr'><strong>ridentur,</strong></span> <span class='ocrx_word' id='word_1_21' title='bbox 408 563 482 612; x_wconf 89' lang='lat' dir='ltr'><strong>recte</strong></span> <span class='ocrx_word' id='word_1_22' title='bbox 502 557 671 624; x_wconf 86' lang='lat' dir='ltr'><strong>abstinuisti)</strong></span> <span class='ocrx_word' id='word_1_23' title='bbox 689 558 728 612; x_wconf 88' lang='lat' dir='ltr'><strong>sic</strong></span> 
     </span>
    </p>
   </div>
   <div class='ocr_carea' id='block_1_3' title="bbox 19 645 781 2390">
    <p class='ocr_par' dir='ltr' id='par_1_3' title="bbox 22 645 727 1056">
     <span class='ocr_line' id='line_1_6' title="bbox 24 645 727 715; baseline -0.001 -14"><span class='ocrx_word' id='word_1_24' title='bbox 24 665 90 702; x_wconf 85' lang='lat' dir='ltr'><strong>raro</strong></span> <span class='ocrx_word' id='word_1_25' title='bbox 119 649 242 711; x_wconf 85' lang='lat' dir='ltr'><strong>recedat,</strong></span> <span class='ocrx_word' id='word_1_26' title='bbox 268 653 299 700; x_wconf 91' lang='lat' dir='ltr'><strong>ut</strong></span> <span class='ocrx_word' id='word_1_27' title='bbox 324 663 393 715; x_wconf 83' lang='lat' dir='ltr'><strong>quas</strong></span> <span class='ocrx_word' id='word_1_28' title='bbox 418 647 467 699; x_wconf 91' lang='lat' dir='ltr'><strong>tibi</strong></span> <span class='ocrx_word' id='word_1_29' title='bbox 489 647 610 714; x_wconf 86' lang='lat' dir='ltr'><strong>excerpsi</strong></span> <span class='ocrx_word' id='word_1_30' title='bbox 636 645 727 700; x_wconf 89' lang='lat' dir='ltr'><strong>lectio·</strong></span> 
     </span>
     <span class='ocr_line' id='line_1_7' title="bbox 22 735 726 803; baseline -0.003 -13"><span class='ocrx_word' id='word_1_31' title='bbox 22 753 77 790; x_wconf 90' lang='lat' dir='ltr'><strong>nes</strong></span> <span class='ocrx_word' id='word_1_32' title='bbox 97 735 274 803; x_wconf 82' lang='lat' dir='ltr'><strong>(praecipuas</strong></span> <span class='ocrx_word' id='word_1_33' title='bbox 292 735 428 802; x_wconf 68' lang='lat' dir='ltr'><strong>intellego</strong></span> <span class='ocrx_word' id='word_1_34' title='bbox 452 751 515 787; x_wconf 85' lang='lat' dir='ltr'><strong>nam</strong></span> <span class='ocrx_word' id='word_1_35' title='bbox 538 736 571 786; x_wconf 80' lang='lat' dir='ltr'><strong>de</strong></span> <span class='ocrx_word' id='word_1_36' title='bbox 592 736 726 797; x_wconf 79' lang='lat' dir='ltr'><strong>minimis,</strong></span> 
     </span>
     <span class='ocr_line' id='line_1_8' title="bbox 22 821 725 890; baseline -0.004 -11"><span class='ocrx_word' id='word_1_37' title='bbox 22 831 55 879; x_wconf 91' lang='lat' dir='ltr'><strong>ut</strong></span> <span class='ocrx_word' id='word_1_38' title='bbox 70 824 162 886; x_wconf 82' lang='lat' dir='ltr'><strong>aiunt,</strong></span> <span class='ocrx_word' id='word_1_39' title='bbox 175 841 230 876; x_wconf 86' lang='lat' dir='ltr'><strong>non</strong></span> <span class='ocrx_word' id='word_1_40' title='bbox 242 831 322 876; x_wconf 83' lang='lat' dir='ltr'><strong>curat</strong></span> <span class='ocrx_word' id='word_1_41' title='bbox 331 821 460 890; x_wconf 80' lang='lat' dir='ltr'><strong>praetor)</strong></span> <span class='ocrx_word' id='word_1_42' title='bbox 473 839 625 876; x_wconf 83' lang='lat' dir='ltr'><strong>consensus</strong></span> <span class='ocrx_word' id='word_1_43' title='bbox 635 823 725 890; x_wconf 87' lang='lat' dir='ltr'><strong>potius</strong></span> 
     </span>
     <span class='ocr_line' id='line_1_9' title="bbox 24 911 727 982; baseline 0 -16"><span class='ocrx_word' id='word_1_44' title='bbox 24 930 114 982; x_wconf 86' lang='lat' dir='ltr'><strong>quarn</strong></span> <span class='ocrx_word' id='word_1_45' title='bbox 137 913 337 980; x_wconf 72' lang='lat' dir='ltr'><strong>discrepantiae</strong></span> <span class='ocrx_word' id='word_1_46' title='bbox 359 913 484 979; x_wconf 81' lang='lat' dir='ltr'><strong>exempla</strong></span> <span class='ocrx_word' id='word_1_47' title='bbox 501 911 648 964; x_wconf 83' lang='lat' dir='ltr'><strong>maximam</strong></span> <span class='ocrx_word' id='word_1_48' title='bbox 667 927 727 979; x_wconf 83' lang='lat' dir='ltr'><strong>par·</strong></span> 
     </span>
     <span class='ocr_line' id='line_1_10' title="bbox 23 1000 315 1056; baseline -0.014 0"><span class='ocrx_word' id='word_1_49' title='bbox 23 1009 85 1056; x_wconf 90' lang='lat' dir='ltr'><strong>tem</strong></span> <span class='ocrx_word' id='word_1_50' title='bbox 103 1000 233 1054; x_wconf 85' lang='lat' dir='ltr'><strong>habenda</strong></span> <span class='ocrx_word' id='word_1_51' title='bbox 252 1001 315 1053; x_wconf 90' lang='lat' dir='ltr'><strong>sint.</strong></span> 
     </span>
    </p>

    <p class='ocr_par' dir='ltr' id='par_1_4' title="bbox 19 1087 781 2390">
     <span class='ocr_line' id='line_1_11' title="bbox 81 1087 723 1156; baseline -0.003 -14"><span class='ocrx_word' id='word_1_52' title='bbox 81 1089 162 1154; x_wconf 85' lang='lat' dir='ltr'><strong>Quod</strong></span> <span class='ocrx_word' id='word_1_53' title='bbox 177 1088 295 1156; x_wconf 86' lang='lat' dir='ltr'><strong>denique</strong></span> <span class='ocrx_word' id='word_1_54' title='bbox 308 1089 343 1141; x_wconf 88' lang='lat' dir='ltr'><strong>ad</strong></span> <span class='ocrx_word' id='word_1_55' title='bbox 356 1087 457 1141; x_wconf 87' lang='lat' dir='ltr'><strong>codicis</strong></span> <span class='ocrx_word' id='word_1_56' title='bbox 470 1092 588 1140; x_wconf 85' lang='lat' dir='ltr'><strong>aetatem</strong></span> <span class='ocrx_word' id='word_1_57' title='bbox 607 1091 723 1154; x_wconf 84' lang='lat' dir='ltr'><strong>spectat,</strong></span> 
     </span>
     <span class='ocr_line' id='line_1_12' title="bbox 20 1174 724 1246; baseline -0.004 -15"><span class='ocrx_word' id='word_1_58' title='bbox 20 1177 151 1246; x_wconf 76' lang='lat' dir='ltr'><strong>Angelus</strong></span> <span class='ocrx_word' id='word_1_59' title='bbox 170 1176 237 1229; x_wconf 84' lang='lat' dir='ltr'><strong>Mar.</strong></span> <span class='ocrx_word' id='word_1_60' title='bbox 255 1175 373 1229; x_wconf 87' lang='lat' dir='ltr'><strong>Bandini</strong></span> <span class='ocrx_word' id='word_1_61' title='bbox 389 1177 463 1229; x_wconf 89' lang='lat' dir='ltr'><strong>hunc</strong></span> <span class='ocrx_word' id='word_1_62' title='bbox 476 1175 578 1228; x_wconf 82' lang='lat' dir='ltr'><strong>saeculi</strong></span> <span class='ocrx_word' id='word_1_63' title='bbox 596 1174 644 1227; x_wconf 89' lang='lat' dir='ltr'><strong>Xll</strong></span> <span class='ocrx_word' id='word_1_64' title='bbox 663 1190 724 1228; x_wconf 86' lang='lat' dir='ltr'><strong>esse</strong></span> 
     </span>
     <span class='ocr_line' id='line_1_13' title="bbox 22 1262 726 1333; baseline -0.006 -13"><span class='ocrx_word' id='word_1_65' title='bbox 22 1264 123 1320; x_wconf 79' lang='lat' dir='ltr'><strong>scribit</strong></span> <span class='ocrx_word' id='word_1_66' title='bbox 137 1264 172 1333; x_wconf 88' lang='lat' dir='ltr'><strong>(l.</strong></span> <span class='ocrx_word' id='word_1_67' title='bbox 198 1263 279 1331; x_wconf 74' lang='lat' dir='ltr'><strong>adt),</strong></span> <span class='ocrx_word' id='word_1_68' title='bbox 303 1265 351 1317; x_wconf 88' lang='lat' dir='ltr'><strong>sed</strong></span> <span class='ocrx_word' id='word_1_69' title='bbox 374 1264 500 1317; x_wconf 88' lang='lat' dir='ltr'><strong>Nicolaus</strong></span> <span class='ocrx_word' id='word_1_70' title='bbox 527 1263 654 1325; x_wconf 83' lang='lat' dir='ltr'><strong>Anziani,</strong></span> <span class='ocrx_word' id='word_1_71' title='bbox 678 1262 726 1330; x_wconf 88' lang='lat' dir='ltr'><strong>qui</strong></span> 
     </span>
     <span class='ocr_line' id='line_1_14' title="bbox 23 1349 725 1418; baseline -0.004 -11"><span class='ocrx_word' id='word_1_72' title='bbox 23 1354 97 1408; x_wconf 89' lang='lat' dir='ltr'><strong>Bibl.</strong></span> <span class='ocrx_word' id='word_1_73' title='bbox 117 1353 200 1406; x_wconf 88' lang='lat' dir='ltr'><strong>Laur.</strong></span> <span class='ocrx_word' id='word_1_74' title='bbox 220 1352 377 1406; x_wconf 79' lang='lat' dir='ltr'><strong>Praefectus</strong></span> <span class='ocrx_word' id='word_1_75' title='bbox 402 1352 465 1415; x_wconf 87' lang='lat' dir='ltr'><strong>fuit,</strong></span> <span class='ocrx_word' id='word_1_76' title='bbox 489 1351 591 1404; x_wconf 88' lang='lat' dir='ltr'><strong>ibidem</strong></span> <span class='ocrx_word' id='word_1_77' title='bbox 610 1349 725 1418; x_wconf 82' lang='lat' dir='ltr'><strong>margini</strong></span> 
     </span>
     <span class='ocr_line' id='line_1_15' title="bbox 21 1437 723 1508; baseline -0.007 -13"><span class='ocrx_word' id='word_1_78' title='bbox 21 1444 96 1496; x_wconf 84' lang='lat' dir='ltr'><strong>haec</strong></span> <span class='ocrx_word' id='word_1_79' title='bbox 115 1441 202 1494; x_wconf 84' lang='lat' dir='ltr'><strong>verba</strong></span> <span class='ocrx_word' id='word_1_80' title='bbox 219 1441 331 1508; x_wconf 89' lang='lat' dir='ltr'><strong>plumbo</strong></span> <span class='ocrx_word' id='word_1_81' title='bbox 348 1439 489 1506; x_wconf 87' lang='lat' dir='ltr'><strong>ascripsit:</strong></span> <span class='ocrx_word' id='word_1_82' title='bbox 511 1439 666 1492; x_wconf 85' lang='lat' dir='ltr'><strong>«Pluribus</strong></span> <span class='ocrx_word' id='word_1_83' title='bbox 685 1437 723 1491; x_wconf 91' lang='lat' dir='ltr'><strong>in·</strong></span> 
     </span>
     <span class='ocr_line' id='line_1_16' title="bbox 19 1527 723 1595; baseline -0.006 -12"><span class='ocrx_word' id='word_1_84' title='bbox 19 1529 104 1583; x_wconf 88' lang='lat' dir='ltr'><strong>diclis</strong></span> <span class='ocrx_word' id='word_1_85' title='bbox 124 1533 203 1582; x_wconf 86' lang='lat' dir='ltr'><strong>actus</strong></span> <span class='ocrx_word' id='word_1_86' title='bbox 217 1529 291 1582; x_wconf 89' lang='lat' dir='ltr'><strong>hunc</strong></span> <span class='ocrx_word' id='word_1_87' title='bbox 304 1528 426 1582; x_wconf 88' lang='lat' dir='ltr'><strong>codicem</strong></span> <span class='ocrx_word' id='word_1_88' title='bbox 439 1527 530 1595; x_wconf 88' lang='lat' dir='ltr'><strong>potius</strong></span> <span class='ocrx_word' id='word_1_89' title='bbox 545 1527 579 1580; x_wconf 87' lang='lat' dir='ltr'><strong>ad</strong></span> <span class='ocrx_word' id='word_1_90' title='bbox 591 1527 627 1579; x_wconf 89' lang='lat' dir='ltr'><strong>XI</strong></span> <span class='ocrx_word' id='word_1_91' title='bbox 641 1543 723 1593; x_wconf 89' lang='lat' dir='ltr'><strong>quam</strong></span> 
     </span>
     <span class='ocr_line' id='line_1_17' title="bbox 19 1613 725 1683; baseline -0.004 -12"><span class='ocrx_word' id='word_1_92' title='bbox 19 1618 60 1672; x_wconf 87' lang='lat' dir='ltr'><strong>ad</strong></span> <span class='ocrx_word' id='word_1_93' title='bbox 74 1617 124 1670; x_wconf 86' lang='lat' dir='ltr'><strong>XII</strong></span> <span class='ocrx_word' id='word_1_94' title='bbox 139 1615 280 1670; x_wconf 89' lang='lat' dir='ltr'><strong>saeculum</strong></span> <span class='ocrx_word' id='word_1_95' title='bbox 293 1621 416 1683; x_wconf 83' lang='lat' dir='ltr'><strong>spectare</strong></span> <span class='ocrx_word' id='word_1_96' title='bbox 430 1617 603 1669; x_wconf 87' lang='lat' dir='ltr'><strong>crederem.»</strong></span> <span class='ocrx_word' id='word_1_97' title='bbox 636 1613 725 1668; x_wconf 87' lang='lat' dir='ltr'><strong>Aemi·</strong></span> 
     </span>
     <span class='ocr_line' id='line_1_18' title="bbox 19 1704 721 1772; baseline -0.006 -12"><span class='ocrx_word' id='word_1_98' title='bbox 19 1707 77 1760; x_wconf 87' lang='lat' dir='ltr'><strong>lius</strong></span> <span class='ocrx_word' id='word_1_99' title='bbox 91 1709 186 1758; x_wconf 89' lang='lat' dir='ltr'><strong>autern</strong></span> <span class='ocrx_word' id='word_1_100' title='bbox 199 1704 341 1758; x_wconf 83' lang='lat' dir='ltr'><strong>Chatelain</strong></span> <span class='ocrx_word' id='word_1_101' title='bbox 351 1704 487 1772; x_wconf 76' lang='lat' dir='ltr'><strong>(Poldopr.</strong></span> <span class='ocrx_word' id='word_1_102' title='bbox 501 1706 547 1757; x_wconf 78' lang='lat' dir='ltr'><strong>des</strong></span> <span class='ocrx_word' id='word_1_103' title='bbox 561 1705 646 1756; x_wconf 77' lang='lat' dir='ltr'><strong>crass.</strong></span> <span class='ocrx_word' id='word_1_104' title='bbox 659 1704 721 1756; x_wconf 86' lang='lat' dir='ltr'><strong>Lat.</strong></span> 
     </span>
     <span class='ocr_line' id='line_1_19' title="bbox 20 1791 725 1859; baseline -0.006 -11"><span class='ocrx_word' id='word_1_105' title='bbox 20 1793 148 1848; x_wconf 78' lang='lat' dir='ltr'><strong>Sixieme</strong></span> <span class='ocrx_word' id='word_1_106' title='bbox 167 1793 240 1846; x_wconf 89' lang='lat' dir='ltr'><strong>Livr.</strong></span> <span class='ocrx_word' id='word_1_107' title='bbox 257 1795 374 1846; x_wconf 81' lang='lat' dir='ltr'><strong>Horace.</strong></span> <span class='ocrx_word' id='word_1_108' title='bbox 405 1793 497 1856; x_wconf 77' lang='lat' dir='ltr'><strong>Pane,</strong></span> <span class='ocrx_word' id='word_1_109' title='bbox 519 1791 602 1857; x_wconf 86' lang='lat'>1888)</span> <span class='ocrx_word' id='word_1_110' title='bbox 615 1807 676 1859; x_wconf 75' lang='lat' dir='ltr'><strong>pag.</strong></span> <span class='ocrx_word' id='word_1_111' title='bbox 690 1792 725 1844; x_wconf 70' lang='lat'><strong>⁰26</strong></span> 
     </span>
     <span class='ocr_line' id='line_1_20' title="bbox 20 1879 723 1944; baseline -0.003 -9"><span class='ocrx_word' id='word_1_112' title='bbox 20 1881 146 1935; x_wconf 87' lang='lat' dir='ltr'><strong>eundern</strong></span> <span class='ocrx_word' id='word_1_113' title='bbox 165 1881 200 1933; x_wconf 87' lang='lat' dir='ltr'><strong>ad</strong></span> <span class='ocrx_word' id='word_1_114' title='bbox 220 1881 360 1934; x_wconf 85' lang='lat' dir='ltr'><strong>saeculum</strong></span> <span class='ocrx_word' id='word_1_115' title='bbox 378 1881 403 1933; x_wconf 88' lang='lat' dir='ltr'>X</span> <span class='ocrx_word' id='word_1_116' title='bbox 422 1881 515 1934; x_wconf 81' lang='lat' dir='ltr'><strong>referri</strong></span> <span class='ocrx_word' id='word_1_117' title='bbox 535 1880 618 1933; x_wconf 88' lang='lat' dir='ltr'><strong>iubet.</strong></span> <span class='ocrx_word' id='word_1_118' title='bbox 653 1879 723 1944; x_wconf 86' lang='lat' dir='ltr'><strong>Quid</strong></span> 
     </span>
     <span class='ocr_line' id='line_1_21' title="bbox 19 1967 726 2038; baseline -0.004 -15"><span class='ocrx_word' id='word_1_119' title='bbox 19 1968 127 2038; x_wconf 79' lang='lat' dir='ltr'><strong>plura?</strong></span> <span class='ocrx_word' id='word_1_120' title='bbox 140 1968 218 2021; x_wconf 87' lang='lat' dir='ltr'><strong>Ferd.</strong></span> <span class='ocrx_word' id='word_1_121' title='bbox 237 1969 369 2031; x_wconf 86' lang='lat' dir='ltr'><strong>Hauthal,</strong></span> <span class='ocrx_word' id='word_1_122' title='bbox 388 1969 434 2036; x_wconf 90' lang='lat' dir='ltr'><strong>qui</strong></span> <span class='ocrx_word' id='word_1_123' title='bbox 453 1969 557 2036; x_wconf 91' lang='lat' dir='ltr'><strong>primus</strong></span> <span class='ocrx_word' id='word_1_124' title='bbox 575 1971 638 2035; x_wconf 88' lang='lat' dir='ltr'><strong>post</strong></span> <span class='ocrx_word' id='word_1_125' title='bbox 655 1967 726 2020; x_wconf 87' lang='lat' dir='ltr'><strong>Bau·</strong></span> 
     </span>
     <span class='ocr_line' id='line_1_22' title="bbox 19 2055 781 2124; baseline -0.003 -14"><span class='ocrx_word' id='word_1_126' title='bbox 19 2058 81 2110; x_wconf 90' lang='lat' dir='ltr'><strong>din.</strong></span> <span class='ocrx_word' id='word_1_127' title='bbox 101 2056 314 2124; x_wconf 85' lang='lat' dir='ltr'><strong>descriptionem</strong></span> <span class='ocrx_word' id='word_1_128' title='bbox 332 2059 406 2110; x_wconf 90' lang='lat' dir='ltr'><strong>hunc</strong></span> <span class='ocrx_word' id='word_1_129' title='bbox 424 2057 483 2110; x_wconf 88' lang='lat' dir='ltr'><strong>cod.</strong></span> <span class='ocrx_word' id='word_1_130' title='bbox 502 2056 633 2109; x_wconf 88' lang='lat' dir='ltr'><strong>indicavit</strong></span> <span class='ocrx_word' id='word_1_131' title='bbox 650 2060 677 2108; x_wconf 91' lang='lat' dir='ltr'><strong>et</strong></span> <span class='ocrx_word' id='word_1_132' title='bbox 696 2055 725 2109; x_wconf 92' lang='lat' dir='ltr'><strong>in</strong></span> <span class='ocrx_word' id='word_1_133' title='bbox 779 2094 781 2098; x_wconf 87' lang='lat'>-</span> 
     </span>
     <span class='ocr_line' id='line_1_23' title="bbox 20 2143 725 2212; baseline -0.003 -14"><span class='ocrx_word' id='word_1_134' title='bbox 20 2147 149 2198; x_wconf 83' lang='lat' dir='ltr'><strong>virorum</strong></span> <span class='ocrx_word' id='word_1_135' title='bbox 162 2145 307 2198; x_wconf 87' lang='lat' dir='ltr'><strong>doctorum</strong></span> <span class='ocrx_word' id='word_1_136' title='bbox 321 2145 446 2198; x_wconf 85' lang='lat' dir='ltr'><strong>notitiam</strong></span> <span class='ocrx_word' id='word_1_137' title='bbox 465 2144 576 2212; x_wconf 89' lang='lat' dir='ltr'><strong>pertulit</strong></span> <span class='ocrx_word' id='word_1_138' title='bbox 589 2143 651 2210; x_wconf 83' lang='lat' dir='ltr'><strong>(cfr.</strong></span> <span class='ocrx_word' id='word_1_139' title='bbox 666 2143 725 2196; x_wconf 88' lang='lat' dir='ltr'><strong>eius</strong></span> 
     </span>
     <span class='ocr_line' id='line_1_24' title="bbox 21 2231 726 2299; baseline -0.007 -13"><span class='ocrx_word' id='word_1_140' title='bbox 21 2235 114 2286; x_wconf 75' lang='lat' dir='ltr'><strong>Sobel.</strong></span> <span class='ocrx_word' id='word_1_141' title='bbox 128 2235 195 2286; x_wconf 79' lang='lat' dir='ltr'><strong>Aer.</strong></span> <span class='ocrx_word' id='word_1_142' title='bbox 210 2239 234 2285; x_wconf 84' lang='lat' dir='ltr'><strong>ct</strong></span> <span class='ocrx_word' id='word_1_143' title='bbox 246 2234 345 2299; x_wconf 82' lang='lat' dir='ltr'><strong>Porph.</strong></span> <span class='ocrx_word' id='word_1_144' title='bbox 363 2233 426 2286; x_wconf 89' lang='lat' dir='ltr'><strong>Ber.</strong></span> <span class='ocrx_word' id='word_1_145' title='bbox 441 2233 523 2296; x_wconf 77' lang='lat'>1864,</span> <span class='ocrx_word' id='word_1_146' title='bbox 536 2233 560 2295; x_wconf 88' lang='lat'><strong>1,</strong></span> <span class='ocrx_word' id='word_1_147' title='bbox 573 2232 602 2285; x_wconf 92' lang='lat' dir='ltr'><strong>in</strong></span> <span class='ocrx_word' id='word_1_148' title='bbox 616 2231 687 2284; x_wconf 77' lang='lat' dir='ltr'><strong>Adri.</strong></span> <span class='ocrx_word' id='word_1_149' title='bbox 702 2238 726 2282; x_wconf 87' lang='lat' dir='ltr'><strong>et</strong></span> 
     </span>
     <span class='ocr_line' id='line_1_25' title="bbox 23 2318 723 2390; baseline -0.003 -16"><span class='ocrx_word' id='word_1_150' title='bbox 23 2323 135 2390; x_wconf 75' lang='lat' dir='ltr'><strong>Corrip.</strong></span> <span class='ocrx_word' id='word_1_151' title='bbox 149 2337 177 2390; x_wconf 90' lang='lat' dir='ltr'><strong>p.</strong></span> <span class='ocrx_word' id='word_1_152' title='bbox 191 2319 243 2387; x_wconf 85' lang='lat'><em>111)</em></span> <span class='ocrx_word' id='word_1_153' title='bbox 257 2336 321 2374; x_wconf 91' lang='lat' dir='ltr'><strong>eum</strong></span> <span class='ocrx_word' id='word_1_154' title='bbox 334 2321 444 2374; x_wconf 87' lang='lat' dir='ltr'><strong>saeculo</strong></span> <span class='ocrx_word' id='word_1_155' title='bbox 462 2321 499 2373; x_wconf 91' lang='lat' dir='ltr'><strong>Xl</strong></span> <span class='ocrx_word' id='word_1_156' title='bbox 517 2320 619 2374; x_wconf 88' lang='lat' dir='ltr'><strong>tribuit.</strong></span> <span class='ocrx_word' id='word_1_157' title='bbox 651 2318 723 2384; x_wconf 86' lang='lat' dir='ltr'><strong>Quid</strong></span> 
     </span>
    </p>
   </div>
   <div class='ocr_carea' id='block_1_4' title="bbox 23 2406 728 2529">
    <p class='ocr_par' dir='ltr' id='par_1_5' title="bbox 23 2406 728 2529">
     <span class='ocr_line' id='line_1_26' title="bbox 23 2406 728 2464; baseline -0.006 -3"><span class='ocrx_word' id='word_1_158' title='bbox 23 2408 168 2464; x_wconf 77' lang='lat' dir='ltr'><strong>tacerem?</strong></span> <span class='ocrx_word' id='word_1_159' title='bbox 214 2409 346 2462; x_wconf 83' lang='lat' dir='ltr'><strong>intanta</strong></span> <span class='ocrx_word' id='word_1_160' title='bbox 371 2408 569 2462; x_wconf 88' lang='lat' dir='ltr'><strong>sententiarum</strong></span> <span class='ocrx_word' id='word_1_161' title='bbox 595 2406 728 2457; x_wconf 80' lang='lat' dir='ltr'><strong>varietate</strong></span> 
     </span>
     <span class='ocr_line' id='line_1_27' title="bbox 584 2501 595 2529; baseline 0 0"><span class='ocrx_word' id='word_1_162' title='bbox 584 2501 595 2529; x_wconf 73' lang='grc' dir='ltr'><strong><em>ὓ</em></strong></span> 
     </span>
    </p>
   </div>
   <div class='ocr_carea' id='block_1_5' title="bbox 0 0 836 2814">
    <p class='ocr_par' dir='ltr' id='par_1_6' title="bbox 0 0 836 2814">
     <span class='ocr_line' id='line_1_28' title="bbox 0 0 836 2814; baseline 0 0"><span class='ocrx_word' id='word_1_163' title='bbox 0 0 836 2814; x_wconf 95' lang='lat' dir='ltr'><strong> </strong></span> 
     </span>
    </p>
   </div>
  </div>
 </body>
</html>
