1664 2814
301 190 482 230 enarrarre
663 179 737 250 xviiij

26 316 97 352 rum
113 297 280 365 scriptorum
301 299 430 366 reliquiae
444 301 623 357 continentur.
661 305 737 370 Quae

25 394 133 442 autem
147 403 213 454 pars
223 387 257 440 ad
268 387 373 441 Horatii
387 404 469 456 opera
478 396 597 457 spectat,
608 409 639 446 ea
654 393 737 447 trium

24 475 255 546 quaternionum
275 476 376 529 finibus
397 477 503 532 inclusa
525 484 574 533 est.
611 481 736 536 Mutilum

23 568 122 637 igitur
142 568 172 618 et
190 565 312 618 hiantem
332 567 453 620 codicem
472 568 567 622 habes.

131 671 195 722 gr:
207 656 349 709 Gotbnnus
361 657 445 710 chart.
459 657 490 710 B.
504 659 546 710 61.
578 658 630 724 Qui
644 676 736 728 quam·

22 761 123 816 quam
144 760 201 796 non
221 749 284 798 ante
298 761 342 798 an.
355 745 528 799 MCGGCLVI
540 752 582 800 est
594 753 733 813 exaratus,

20 845 134 892 tamen
147 833 290 901 permagni
308 850 324 886 a
343 819 432 887 doctis
449 835 616 889 aestimatur.
653 837 684 889 ln
703 853 735 890 ea

21 925 114 980 enim
134 925 226 990 parte,
246 939 317 990 quae
336 924 370 976 ad
389 924 534 988 Sermones
554 929 580 976 et
599 924 736 992 Epistulas

21 1014 174 1086 pertinet,
188 1028 250 1066 cum
269 1015 418 1066 Blandinio
434 1017 610 1067 vetustissimo
623 1015 659 1068 ita
674 1032 735 1069 con·

21 1103 137 1166 sentit,
165 1106 196 1154 ut
221 1117 254 1154 ex
279 1102 360 1155 huius
385 1103 533 1172 archetypo
558 1104 735 1172 depromptus

20 1210 98 1250 esse
116 1190 252 1244 videatur.
284 1191 371 1244 Libris
384 1192 578 1245 adnumeratur
594 1192 735 1246 bibliothe-

20 1301 80 1341 cae
105 1280 216 1334 aulicae
235 1280 385 1333 Gothanae.
423 1280 510 1348 Saepe
523 1280 605 1334 etiarn
619 1297 635 1333 a
648 1280 734 1334 doctis

21 1374 186 1429 Gothanus
203 1371 336 1423 secundus
350 1370 393 1422 vel
406 1371 547 1422 Gotlranus
564 1372 634 1422 alter
646 1371 735 1437 appel·

20 1467 120 1519 latur.

130 1548 201 1600 de·
214 1549 403 1614 Sanpallensis
429 1549 648 1600 monasteriensis
675 1564 734 1600 sae-

21 1641 87 1698 culi
102 1637 131 1691 X
144 1640 193 1690 aut
205 1636 254 1700 XI,
267 1637 334 1690 Fani
347 1636 438 1690 Sancti
449 1635 516 1688 Galli
530 1635 557 1688 iu
570 1634 734 1689 bibliotheca

21 1727 143 1787 ordinis
158 1725 352 1778 canonicorum
365 1729 430 1778 nota
441 1725 493 1776 864
503 1723 654 1790 insignitus.
681 1724 734 1777 Ho-

22 1819 96 1875 ratii
120 1815 244 1868 carmina
264 1813 451 1882 complectitur
464 1829 551 1880 usque
564 1813 597 1866 ad
615 1813 661 1865 lib.
674 1813 733 1876 llll,

29 1911 77 1972 11,
101 1905 140 1958 34
161 1903 293 1971 parvique
312 1902 443 1956 momenti
463 1917 523 1954 esse
542 1901 656 1954 videtur.

47 2021 50 2028 ·
130 1993 338 2046 l==Lcidensis
359 1992 388 2044 F.
408 1991 450 2044 28.
475 1989 577 2044 saeculi
599 1989 681 2066 Vllll,
703 1994 734 2042 ut

26 2086 159 2145 uidetur,
174 2081 306 2134 exeuntis.
340 2079 401 2133 Fuit
417 2079 481 2132 olim
500 2079 528 2132 in
547 2077 622 2131 libris
641 2093 734 2130 sacrae

26 2173 115 2229 aedis
135 2169 229 2223 Sancti
251 2168 324 2222 Petri
346 2167 520 2221 Belvacensis
541 2165 732 2234 (SaintPierre

26 2265 64 2317 de
79 2256 251 2325 Beauvais)‚
266 2273 338 2310 nunc
352 2273 417 2310 vero
430 2256 457 2309 iu
470 2255 635 2308 bibliotheca
651 2253 733 2306 Athe·

29 2349 99 2406 naei
121 2347 266 2401 Leidensis
288 2346 447 2400 custoditur.
484 2345 548 2398 Eius
570 2343 733 2408 archetypus

28 2442 109 2494 idem
129 2438 211 2507 plane
231 2436 281 2490 luit
299 2452 332 2489 ac
349 2432 451 2489 codicis
468 2429 493 2485 λ.
