1664 2814
107 122 151 187 xxj
361 136 541 173 rnxnrxrxo

193 244 216 296 Λ
229 266 265 287 =
277 247 423 298 Parisinus
443 247 513 299 7900
531 246 563 299 A.
601 247 729 302 Lutetiae
750 250 801 303 Pa-

105 332 229 386 risiorum
245 333 326 385 estin
340 333 505 387 bibliotheca
519 335 702 402 reipublicae.
726 337 802 391 Olim

103 423 255 474 hirenaeus
269 422 456 488 appellabatur
469 439 485 474 a
498 423 608 476 nomine
621 424 728 477 Claudii
741 426 800 479 Du·

104 527 166 578 puy.
203 509 369 577 Scripturam
386 511 496 563 exhibet
515 512 615 565 saeculi
634 513 669 576 X,
689 514 801 568 omnia-

103 615 156 666 que
174 599 279 651 Horatii
300 615 383 666 opera
402 599 591 666 complectitur
604 605 713 667 praeter
732 602 796 670 Epi·

103 687 235 740 stularum
249 679 346 739 librum
359 688 383 739 ll
396 691 423 739 et
435 687 529 741 Artem
540 688 682 755 poeticam.
702 689 797 758 Atque

102 776 167 828 illud
198 775 280 828 etiam
311 775 583 829 animadvertendum
614 781 656 829 est
687 778 795 844 aliquot

101 863 183 915 huius
202 863 301 915 codicis
315 863 392 926 lolia,
406 863 505 929 quibus
518 863 692 917 continentur
705 867 793 932 Epod.

104 953 144 1013 16,
155 953 188 1004 Ἦ
201 981 232 987 -
247 953 286 1014 17,
300 953 332 1003 81
348 956 375 1003 et
387 952 471 1018 Epist.
485 952 508 1015 l,
522 955 547 1016 6,
561 955 595 1004 65
606 982 638 990 -—
650 955 675 1021 Ι,
692 955 733 1016 la,
748 957 792 1018 29,

100 1057 172 1093 nanc
191 1039 219 1091 in
238 1038 402 1092 bibliotheca
420 1041 504 1093 latere
521 1041 637 1094 civitatis
656 1043 794 1096 Hambur-

100 1129 199 1196 gensis

187 1218 209 1270 B
222 1241 257 1262 =
270 1220 415 1271 Bernensis
429 1220 502 1280 aba,
518 1219 581 1272 olim
600 1222 792 1276 Floriccensis

97 1324 114 1360 a
137 1307 247 1360 nomine
271 1307 358 1359 dictus
381 1308 456 1361 urbis
479 1309 736 1376 l‘leuryaurhoire,
764 1314 793 1365 in

98 1397 174 1449 cuins
193 1397 359 1449 monasterio
378 1397 424 1449 diu
444 1402 568 1450 servatus
582 1398 640 1451 luit.
673 1399 792 1453 Saeculo

98 1489 190 1539 autem
214 1485 274 1538 XVl
300 1490 428 1549 exeunte,
453 1502 514 1537 cum
537 1486 564 1538 in
588 1487 673 1539 Gallia
698 1488 791 1542 cixilla

97 1574 169 1627 bella
189 1573 325 1641 religionis
345 1590 428 1626 causa
450 1575 669 1638 exardescerent,
689 1576 790 1630 accidit

97 1667 127 1715 ut
145 1663 323 1716 Floriacensis
345 1662 511 1715 bibliotheca
533 1680 550 1715 a
572 1663 720 1716 victoribus
745 1683 790 1718 ca-

95 1756 205 1819 peretur
217 1767 369 1818 magnaque
382 1751 440 1804 eius
453 1751 583 1804 librorum
596 1767 659 1818 pars
672 1752 699 1804 in
712 1753 789 1808 Petri

95 1841 215 1893 Danielis
237 1857 335 1893 manus
357 1840 475 1904 veniret,
499 1857 516 1893 a
539 1841 615 1894 cuius
639 1841 788 1896 heredibus

95 1946 158 1982 cum
181 1929 248 1981 alios
271 1929 355 1981 libros
378 1933 436 1982 tum
459 1929 541 1981 etiam
564 1931 649 1992 hunc,
673 1930 706 1981 de
730 1947 788 1998 quo

96 2018 245 2086 loquimur,
259 2018 381 2071 codicem
399 2017 465 2070 emit
482 2018 596 2071 Iacobus
609 2018 786 2084 Bongarsius

94 2108 171 2161 Nunc
190 2123 255 2160 vero
274 2111 363 2159 exstat
375 2106 403 2159 in
415 2106 579 2160 bibliotheca
592 2106 708 2159 civitatis
721 2107 786 2162 Ber-

95 2195 196 2248 nensis.
239 2195 274 2247 lis
300 2195 452 2248 litterarum
477 2195 571 2248 formis
597 2195 711 2262 scriptus
740 2204 785 2250 est

95 2299 165 2349 quae
175 2284 363 2338 lrelandenses
376 2284 485 2350 proprio
499 2284 631 2336 vocabulo
642 2283 784 2338 nominan-

95 2376 139 2424 tur
152 2389 276 2441 quaeque
289 2374 323 2425 ad
336 2372 471 2426 uncialem
484 2373 644 2442 scripturam
661 2372 784 2440 proxime
