1664 2814
88 166 104 202 X
342 167 523 205 PRAEFATIO

90 273 188 326 relictis
209 273 335 338 Bentleii,
355 273 536 341 Peerlkarnpi,
555 273 691 336 Meinekii,
712 273 784 328 Luc.
822 263 823 272 ἵ

88 362 221 426 Muelleri,
239 362 353 416 aliorum
370 361 502 430 vestigiis,
522 363 556 414 ad
576 362 699 415 codicum
713 365 787 431 opti·

87 467 149 504 mae
162 455 244 504 notae
261 467 386 504 normam
404 450 547 504 Horatium
565 467 647 505 suurn
664 449 785 519 dirigere
823 504 824 526 ,

90 544 116 592 et
134 541 340 604 accommodare
357 540 500 603 maluisse;
514 540 585 594 inter
597 557 666 609 quos
684 540 787 607 princi·
823 529 824 576 Ῑ

88 644 150 695 pem
170 629 259 682 locum
278 628 344 681 mihi
362 633 456 683 tenere
473 629 599 683 videntur
615 629 740 682 Kellerus
757 635 786 684 et

88 719 230 772 Holderus.
262 718 366 771 Horum
383 718 455 771 enim
469 718 593 771 doctrina
605 722 632 771 et
645 718 787 772 industria

89 808 192 860 factum
210 811 260 869 est,
280 811 310 859 ut
329 823 385 860 non
403 807 492 859 solum
507 823 589 875 quem
602 807 681 860 nobis
695 807 785 860 Hora·

89 895 157 948 tium
182 893 409 962 praestantissimi
434 894 571 962 iidemque
596 893 786 962 antiquissimi
824 917 825 964 ,

88 983 149 1036 libri
168 999 250 1036 manu
270 983 362 1050 scripti
380 983 548 1047 tradiderint,
567 999 630 1036 eum
647 983 726 1036 facile
741 983 786 1038 iu·
824 969 825 992 i

88 1072 242 1140 spiciamus,
262 1088 358 1126 verum
376 1072 459 1126 etiarn
473 1077 503 1126 ut
516 1088 627 1125 cernere
640 1071 786 1140 possimus

89 1178 172 1229 quam
190 1161 269 1229 pauci
288 1161 343 1214 sint
361 1161 465 1215 Horatii
484 1161 544 1226 loci,
562 1177 631 1229 quos
650 1177 698 1229 per
717 1177 787 1216 con·

89 1248 205 1302 iecturas
223 1249 362 1302 emendari
380 1253 512 1316 oporteat.
547 1250 604 1302 Hos
624 1265 676 1317 ego
693 1251 787 1304 erudi·
825 1313 826 1316 Ἴ

89 1337 209 1392 tissimus
224 1338 296 1391 viros
310 1343 419 1394 secutus
433 1353 502 1404 sum,
515 1355 571 1391 non
583 1339 622 1392 ita
634 1344 737 1404 tamen,
750 1346 787 1394 ut

90 1443 198 1494 semper
211 1427 352 1494 utriusque
365 1425 486 1494 vestigiis
499 1426 662 1480 insisterem.
681 1427 787 1481 Multas

92 1516 164 1568 enirn
173 1515 303 1568 lectiones
314 1515 376 1579 vidi,
387 1531 457 1584 quae
468 1532 530 1569 oum
540 1515 568 1568 in
582 1515 685 1569 maiore
696 1520 724 1568 et
735 1517 788 1572 mi·
826 1555 827 1562 κ

91 1621 158 1658 nore
167 1605 288 1672 ipsorum
299 1604 464 1658 editionibus
475 1604 632 1671 repudiatae
642 1608 714 1668 sunt,
726 1609 791 1660 tum

91 1693 173 1747 etiarn
193 1693 308 1747 reiectae
329 1697 393 1746 sunt
413 1693 439 1745 in
462 1692 561 1745 Kelleri
579 1691 785 1760 Epiiegomenis

92 1783 161 1836 etin
175 1781 324 1836 novissima
334 1782 461 1846 editione,
476 1798 559 1849 quarn
568 1781 642 1834 idern
651 1781 788 1848 Kellerus,

94 1871 167 1924 socio
187 1870 276 1938 operis
289 1871 309 1923 Ι.
322 1870 496 1923 Haeussnero
515 1869 628 1933 adscito,
647 1870 675 1922 in
694 1869 790 1926 lucem

94 1959 207 2028 protulit
225 1975 298 2011 anno
317 1957 465 2011 christiano
484 1957 766 2012 MDCCCLXXXVHI.

146 2049 298 2111 Praeterea,
317 2063 378 2101 eum
396 2047 543 2111 interdum,
563 2047 692 2114 neglectis
711 2049 791 2103 eodi-

94 2137 179 2201 eibuS,
190 2140 237 2190 aut
247 2136 360 2190 aliorum
371 2140 418 2190 aut
428 2136 484 2190 suis
495 2135 792 2191 coniecturisKellerus

95 2230 122 2277 et
140 2225 275 2278 Holderus
295 2225 396 2292 primas
415 2226 480 2278 dare
499 2242 554 2278 non
573 2223 792 2291 dubitavissent,

95 2329 144 2380 ego
159 2330 208 2380 pro
224 2317 298 2365 certo
311 2313 416 2366 habens
435 2329 491 2367 non
510 2317 617 2367 tantum
636 2313 792 2368 Homerum

94 2401 143 2453 sed
166 2401 248 2454 etiam
274 2399 416 2453 Horatium
442 2401 589 2470 aliquando
616 2401 792 2468 dormitasse,
