1664 2814
299 179 488 216 rusurrrro
649 163 740 232 xxviiij

46 290 150 342 claram
178 288 244 342 mihi
268 287 441 342 occasionem
463 288 621 356 praebuisti.
658 289 741 343 Cuius

45 378 150 431 codicis
169 377 403 431 accuratissimam
425 376 634 444 descriptionem
658 381 740 445 atque

45 466 214 519 uberrimam
228 466 348 533 reperias
361 467 432 533 apud
446 465 580 533 Angelum
594 466 659 520 Mar.
672 466 740 519 Bau·

39 556 67 609 di
75 555 104 608 ni
125 555 201 622 (Cat.
218 557 300 608 Codd.
314 557 388 608 Lao.
400 556 471 608 Brut.
485 557 556 607 Med.
570 557 658 607 Loar.
672 555 702 607 T.
716 555 740 608 ll

39 645 93 698 eol.
109 645 161 697 143
175 643 280 712 seqq.)‚
292 643 331 697 sic
343 649 374 697 ut
387 660 474 711 pauca
484 643 566 697 etiam
577 645 646 697 adici
656 659 737 712 posse

34 733 193 786 rideantur.
210 733 312 786 Verum
322 749 384 786 oum
395 733 428 786 de
438 731 538 786 codicis
548 733 634 800 ipsius
649 737 739 788 aetate

38 839 98 876 nou
109 821 177 875 satis
187 826 296 875 constet
307 821 378 875 inter
389 822 463 875 viros
477 823 584 886 doctae,
595 823 647 875 hac
657 839 737 890 quae·

37 912 130 965 stione
145 913 178 964 ad
192 915 342 964 extremam
355 911 487 978 epistulae
505 916 611 978 partem
624 911 737 976 reiecta,

45 1016 122 1054 nuno
136 1000 202 1063 alia,
216 1015 286 1068 quae
301 1001 335 1052 ad
348 999 447 1053 librum
462 998 670 1053 describendum
683 1016 741 1068 per·

42 1089 148 1152 tinent,
161 1104 211 1156 pro
223 1087 327 1141 viribus
337 1089 464 1156 expedire
474 1105 506 1141 ac
516 1087 672 1142 summatim
682 1089 740 1142 bra·

42 1177 171 1245 viterque
190 1193 327 1244 exponere
346 1177 470 1230 studebo.

96 1268 149 1321 Hic
162 1267 248 1342 codes
262 1266 487 1320 membranaceus
499 1265 591 1334 (0.181
601 1263 741 1333 >(O‚961)‚

48 1373 168 1410 numero
187 1355 257 1410 Plut.
277 1355 392 1419 XXXIV,
419 1357 431 1408 1
457 1354 614 1423 insignitus,
635 1358 743 1408 constat

43 1463 78 1499 ex
91 1446 165 1499 loliis
175 1461 259 1498 mauu
270 1443 377 1512 seriptis
388 1445 463 1509 CXL,
474 1450 581 1512 praeter
591 1444 656 1497 folia
667 1447 742 1511 quat·

47 1541 121 1600 tuor,
143 1550 261 1602 quorum
279 1536 333 1588 duo
346 1534 373 1587 iu
387 1534 527 1602 priucipi0‚
541 1534 595 1587 duo
609 1537 701 1586 autem
713 1532 741 1586 iu

43 1626 103 1678 fine
123 1623 265 1678 custodiae
278 1623 390 1686 codicis¹
404 1628 435 1677 ut
447 1624 528 1691 vulgo
542 1622 646 1686 dicitur,
659 1621 742 1674 inser-

44 1714 145 1778 viunt:
159 1729 216 1767 non
229 1717 302 1766 recte
315 1717 406 1766 autam
418 1712 545 1766 loliorum
557 1711 636 1764 CXLI
644 1710 744 1763 librum

46 1819 109 1856 esse
122 1801 207 1855 tradit
219 1801 348 1865 Baudiui,
363 1802 463 1869 quippe
476 1801 522 1868 qui
538 1800 665 1868 paginam
677 1815 742 1867 quo-

45 1907 110 1960 que,
129 1891 159 1943 in
177 1907 234 1958 qua
250 1906 357 1954 eorum,
375 1890 422 1958 qui
440 1889 539 1942 librum
558 1888 603 1942 alil
621 1888 682 1942 aliis
699 1904 742 1941 as·

45 1979 152 2034 tatibus
171 1979 364 2046 possederunt,
384 1977 497 2032 nomina
515 1977 645 2045 inscripta
666 1979 741 2039 sunt,

49 2067 282 2122 annumeraverit.
314 2066 365 2120 Hie
383 2083 448 2121 vero
467 2066 535 2119 liber
554 2064 646 2120 omnia
665 2068 692 2118 et
710 2079 744 2117 ea

48 2157 157 2226 integra
174 2155 282 2209 Horatii
301 2172 383 2224 opera
402 2157 455 2209 hoo
473 2154 568 2209 ordine
586 2153 743 2222 complexus

49 2250 107 2299 est:
126 2244 250 2299 Primum
274 2250 337 2313 post
358 2247 429 2298 vitos
450 2244 556 2297 Horatii
574 2247 629 2296 tres
649 2242 681 2311 (f.
703 2238 742 2307 1¹)

50 2340 205 2404 sequuntur
227 2334 389 2387 Carmtnum
411 2332 472 2386 libri
497 2335 625 2400 quattuor
644 2329 685 2397 (ff.
707 2331 744 2380 1'-

52 2423 130 2493 56¹);
148 2423 248 2478 deinde
266 2422 389 2477 earmina
407 2421 507 2488 excipit
524 2417 647 2486 Epistula
659 2417 694 2468 ad
705 2415 747 2467 Pl·
