1664 2814
307 220 487 258 enarrarre
714 207 740 275 xj

38 347 184 399 nusquam
202 329 327 383 codicum
344 331 530 384 testimonium
543 331 683 399 aspernari
695 347 742 384 no·

39 437 152 490 vasque
172 419 304 473 lectiones
326 420 504 473 coniectando
524 419 633 488 assequi
655 420 742 488 volui,

38 509 95 562 nisi
117 525 184 562 curn
202 507 269 560 mihi
286 507 389 560 nullam
408 525 440 560 ex
458 509 534 561 libris
550 508 657 576 scriptis
676 508 743 561 satis

38 597 220 666 probabilem
239 595 403 649 sententiam
420 596 478 650 crui
494 613 574 665 posse
585 596 743 664 exploratis·

39 687 147 740 simum
163 689 247 738 esset.
269 684 440 752 Quamquam
454 685 548 748 fateor,
562 701 651 752 neque
664 685 742 738 fateri

39 792 86 828 me
107 775 211 842 pudet,
230 789 382 840 perpaucos
403 773 559 827 huiusmodi
577 774 652 826 locos
675 773 743 828 meis

38 864 137 916 oculis
148 877 211 914 esse
225 862 401 924 obversatos3
421 879 489 930 quos
509 879 591 930 quam
606 862 744 915 levissima

37 951 212 1013 mutatione,
224 949 446 1003 verisimillimam
460 967 596 1018 quamque
610 951 744 1004 coniectu·

38 1057 105 1093 ram
121 1039 273 1106 amplexus,
287 1039 439 1092 emendavi.
458 1039 556 1092 Nostra
568 1039 640 1092 enirn
654 1043 743 1092 aetate

38 1130 87 1184 ille
116 1128 186 1180 mihi
211 1129 297 1181 multo
322 1127 453 1182 maiorem
477 1128 586 1182 laudem
614 1128 745 1196 consequi

37 1235 131 1286 posse
149 1217 264 1281 videtur,
282 1217 328 1285 qui
345 1218 458 1270 traditas
477 1217 587 1284 optimis
607 1217 744 1270 codicibus

38 1307 196 1370 lenticum,
220 1307 346 1373 quotiens
365 1306 392 1358 id
412 1306 608 1360 sententiarum
630 1306 698 1359 ratio
717 1310 745 1358 et

41 1401 150 1449 natura
162 1393 290 1461 patiatur,
306 1394 334 1448 in
350 1395 442 1448 sedern
457 1411 534 1448 suam
548 1411 676 1448 revocare
690 1399 744 1448 stu·

42 1488 121 1547 deut,
136 1501 221 1552 quarn
234 1484 282 1551 qui
293 1501 427 1537 noverum
444 1501 535 1538 rerum
555 1490 636 1552 atque
655 1484 744 1537 inanis

42 1575 181 1644 gloriolae
194 1573 320 1641 cupidine
339 1574 422 1642 capti,
441 1579 597 1641 contempto
613 1574 744 1626 librorum

44 1664 176 1718 omnium
191 1679 338 1727 consensu,
349 1663 494 1716 inconsulti
505 1668 532 1716 et
542 1662 677 1716 temerarii
687 1679 745 1715 ver-

43 1755 82 1806 ba
97 1752 264 1819 scriptorum
278 1756 383 1805 mutare
397 1756 424 1805 et
437 1753 569 1820 corrigere
582 1756 722 1804 conentur.

102 1842 144 1894 De
158 1841 381 1893 adnotationibus
392 1841 459 1893 meis
469 1857 556 1908 pauca
565 1840 662 1892 dicam.
682 1839 744 1905 Qui-

45 1931 101 1983 bus
122 1928 235 1997 quidem
255 1945 317 1982 cum
332 1945 364 1982 eo
381 1934 532 1996 spectarem
545 1933 575 1982 ut
588 1945 642 1981 non
657 1929 744 1982 solum

46 2019 213 2087 praecipuas
241 2018 373 2070 lectiones
402 2023 429 2070 et
456 2018 619 2086 singulares
650 2034 745 2071 verum

48 2107 134 2160 etiarn
163 2107 306 2160 doctorum
337 2106 506 2160 coniecturas
534 2106 746 2172 comprehende·

50 2212 125 2258 rem;
145 2211 236 2262 neque
253 2194 282 2247 iu
301 2199 356 2248 tarn
372 2194 469 2263 exigua
482 2195 641 2262 paginarum
658 2193 747 2261 spatia

53 2285 201 2351 congerere
222 2284 307 2336 multa
325 2283 432 2346 liceret;
445 2283 560 2337 Bentleii
575 2282 747 2349 potissimum

53 2376 81 2424 et
103 2371 276 2439 Peerlkampi
298 2371 469 2424 coniecturas
493 2369 683 2424 minutissimis
707 2369 748 2418 tit·

54 2463 176 2515 terarum
202 2459 297 2514 formis
321 2461 513 2514 exscribendas
535 2456 636 2510 curavi.
675 2452 750 2505 Atta·
