1664 2814
2 63 13 72 -
43 63 179 82 -.7-‚...
194 67 298 78 ——....-.
394 71 448 78 *-

252 282 255 284 -
300 224 480 262 rerurrrro
680 209 736 278 xvij

30 333 184 388 accedunt.
217 331 245 385 Si
258 336 349 386 autem
362 332 468 386 Horatii
480 332 558 387 codd.
576 333 736 402 respicimus

29 425 81 492 qui
103 422 140 476 ad
162 425 287 474 nostram
305 437 393 489 usque
407 425 524 475 aetatem
538 428 735 490 pervenerunt,

29 529 101 566 eum
123 509 248 563 omnium
269 509 489 576 antiquissimum
508 527 569 564 esse
586 511 646 564 iure
664 511 735 566 affir-

26 601 125 654 mavit
144 598 310 651 Heuthalius
335 613 351 650 a
375 615 430 666 quo
454 600 563 652 saeculo
585 600 644 654 VIII
662 600 734 653 adsi-

24 694 139 758 gnatus
161 691 212 739 est.
250 686 328 752 Quod
352 703 519 755 quamquam
543 704 591 756 per
615 705 645 742 se
668 688 735 742 satis

22 776 183 847 probabile
202 779 257 838 est,
276 779 438 828 tamennon
455 792 545 830 errare
563 777 643 830 nobis
663 777 736 831 vide·

22 882 111 929 mur,
137 863 162 916 si
187 879 250 916 euin
275 862 365 929 potius
391 863 503 917 ineunte
528 865 637 918 saeculo
663 865 736 919 VIIII

22 955 173 1022 scriptum
197 968 258 1005 esse
275 955 439 1010 statuamus.
477 952 566 1018 Quare
588 953 735 1008 dolendum

24 1049 75 1098 est
90 1042 123 1094 in
136 1042 190 1094 hoc
207 1040 300 1094 codice
318 1046 425 1108 partem
443 1041 548 1095 Horatii
567 1058 681 1110 operum
700 1043 744 1096 de·

23 1129 161 1184 siderari.
196 1129 264 1182 Nam
285 1129 360 1196 «qui
377 1129 477 1182 librum
495 1130 663 1184 Beruensern
682 1130 734 1183 sibi

20 1220 111 1282 fecit,
124 1235 139 1264 >r
154 1217 243 1285 inquit
255 1217 376 1270 Ritterus
396 1236 410 1266 <‹
425 1217 469 1270 ille
488 1234 543 1272 nou
556 1219 608 1271 hoc
622 1223 732 1272 secutus

22 1315 72 1364 est
96 1311 130 1361 ut
150 1307 289 1374 exemplar
307 1323 386 1360 suum
400 1307 535 1374 integrum
555 1307 732 1372 describeret,

22 1397 80 1452 sed
97 1394 254 1448 carminum
273 1411 305 1448 ae
323 1401 473 1450 metrorum
488 1398 612 1464 exempla
630 1396 733 1450 discen-

21 1489 110 1541 tibus
130 1484 264 1552 praebere
283 1485 370 1544 voluit
385 1503 408 1538 ».

127 1569 190 1638 it:
199 1575 346 1626 Beruenses
356 1574 402 1636 ul,
414 1573 513 1627 saeculi
525 1615 530 1637 ‚
541 1578 572 1627 ui
582 1573 696 1636 videtur,
710 1572 734 1626 X

21 1663 168 1721 ineuntis.
207 1662 287 1714 Hune
307 1679 416 1730 quoque
436 1679 469 1716 ex
488 1662 655 1716 munasterio
676 1661 734 1715 Flo·

20 1750 155 1808 riacensi
174 1749 292 1817 primum
305 1750 331 1803 in
346 1751 541 1804 bibliothecam
554 1751 645 1804 Iaeobi
663 1751 733 1804 Bon·

23 1840 133 1912 garsii,
154 1839 253 1892 deinde
272 1855 338 1892 vero
358 1840 478 1893 Bernam
495 1839 658 1893 translatum
674 1855 734 1892 esse

24 1930 103 1985 satis
126 1943 265 1996 superque
284 1933 399 1982 constat.

126 2033 143 2086 γ
156 2038 192 2060 =
205 2018 353 2070 Parisinus
373 2019 387 2070 7
391 2018 451 2070 975.
483 2017 607 2070 Lutetiae
620 2017 735 2070 Parisio-

24 2123 98 2163 rum
117 2105 147 2159 iu
167 2104 333 2164 bibliothece
356 2106 395 2159 rei
418 2107 544 2174 publicae
563 2111 733 2168 asservatum

25 2197 81 2251 sed
109 2194 177 2248 olim
202 2193 385 2248 Bliaudifonte
399 2193 642 2262 (Fontainebleau)
663 2194 734 2247 iuter

4 2285 119 2355 ‚libros
144 2281 255 2336 Henrici
279 2283 303 2335 II
327 2283 465 2337 Gallorum
487 2283 558 2351 regis
577 2282 640 2345 fuit,
659 2282 732 2336 unde

27 2373 118 2428 etiam
132 2371 383 2437 Bliaudifontanus
395 2372 555 2439 appellatur.
581 2371 694 2422 Saeculo
708 2369 732 2422 X

28 2465 154 2516 exeunte
167 2464 215 2514 aut
227 2459 264 2512 XI
276 2459 388 2513 ineunte
401 2459 568 2528 perscriptus
581 2461 631 2508 esi.
663 2457 730 2507 Cum

586 2541 599 2579 r
