1664 2814
293 193 469 231 enarrarre
664 175 727 244 xxiij

24 325 96 371 nes,
117 321 190 374 quas
209 307 320 367 vocant,
333 302 502 356 definiendas
515 317 547 355 ac
559 304 600 354 tot
613 301 727 354 febricu-

22 399 107 451 losas
127 394 272 447 doctorum
285 391 405 446 virorum
417 391 587 444 coniecturas
606 389 727 444 refellen-

23 489 79 540 das
104 484 135 536 in
159 481 381 535 adnotationibus
403 480 471 534 meis
493 484 577 534 testes
602 479 727 543 adhibui;

22 589 154 645 quorum
173 571 401 639 praestantissimi
419 575 484 624 sunt

83 662 278 716 Bruxeliensis
299 659 326 712 in
348 659 514 712 bibliotheca
538 658 609 726 regis
635 658 728 726 Belga·

21 768 93 806 rum
113 748 237 802 numeris
256 749 340 810 9776,
359 749 437 810 9777,
457 748 527 800 9778
546 751 665 800 notatus

83 838 288 892 Einsiedlenaia
300 835 329 888 in
340 835 506 888 bibliotheca
524 834 648 888 coenobii
667 835 729 889 Ein-

21 925 180 981 siedlensis
190 929 256 977 nota
265 925 316 977 361
328 924 459 992 signatus
477 923 636 992 Appellatnr
645 924 728 978 etiam

21 1016 219 1072 Morellianno
230 1029 385 1080 nomenque
398 1030 432 1066 ex
444 1013 587 1066 inventore
600 1014 726 1080 repperit.

22 1104 129 1158 Gallus
143 1101 216 1154 enim
229 1101 368 1163 MorelluS‚
378 1100 532 1168 praelectus
545 1100 727 1155 bibliothecae

19 1191 317 1254 Einsiedlensis‚hunc
325 1190 423 1244 librum
434 1206 468 1243 ex
478 1190 592 1243 vetustis
601 1189 729 1258 discerpti

22 1280 138 1337 codicis
151 1279 294 1332 Horatiani
307 1279 472 1332 membranis
487 1279 652 1346 composuit,
672 1279 728 1346 qui·

21 1373 81 1424 bus
104 1371 255 1420 structores
274 1367 375 1420 librarii
389 1367 422 1420 ad
436 1367 540 1434 aliquot
556 1366 639 1420 libros
653 1371 726 1435 tegu-

22 1457 136 1513 mentis
151 1456 267 1508 tuendos
280 1455 323 1508 usi
336 1461 425 1518 erant,
445 1459 472 1508 et
490 1455 523 1507 iis
542 1455 652 1522 quidem
669 1471 728 1523 par·

24 1549 81 1601 tim
100 1545 129 1598 iu
144 1544 276 1598 coenobio
291 1560 349 1608 sne,
363 1544 460 1612 partim
474 1544 502 1597 in
515 1544 607 1597 Sancti
620 1544 727 1598 Geroldi

22 1633 204 1690 monasterio
223 1633 428 1700 diligentissime
447 1633 576 1686 collectis.
614 1634 728 1686 Constat

23 1725 117 1792 igitur
144 1737 178 1774 ex
203 1722 310 1774 duobus
335 1726 363 1774 et
388 1721 483 1788 viginti
509 1722 728 1774 membranarum

25 1810 209 1880 fragmentis,
224 1826 294 1878 quae
315 1815 386 1862 recte
403 1811 567 1864 Kirchncrus
580 1811 689 1864 saeculo
705 1811 728 1864 X

27 1899 210 1956 adiudicavit.

87 1989 254 2041 Mellicenals
272 1989 373 2041 saeculi
391 1988 439 2050 XI,
459 1988 523 2042 olim
542 2003 575 2040 ex
594 1988 679 2042 Gallia
700 1989 728 2042 in

28 2077 232 2132 bibliothecam
267 2076 504 2129 Benedictiuorum
534 2076 728 2130 Mellicensium

27 2166 194 2220 translatus.

88 2255 263 2306 Monacensis
283 2254 380 2316 11685,
394 2253 456 2306 olim
474 2255 728 2309 Emmerummeneis

30 2344 94 2405 685,
115 2357 150 2394 ex
170 2341 337 2394 monasterio
356 2342 448 2394 Sancti
466 2343 659 2395 Emmerammi
675 2344 726 2396 Ra-

32 2429 189 2485 tisbonensi
218 2429 361 2494 oriundus,
389 2430 536 2498 scripturas
565 2430 666 2498 saeculi
693 2429 729 2487 XI
