1664 2814
228 259 230 264 .
296 227 477 266 eniienim
689 212 734 280 xxj

28 339 121 394 sterio
130 337 373 406 wissenburgensi
382 337 488 392 delatus
499 342 565 392 aral.
588 337 631 392 Ad
641 353 734 392 saecu·

25 433 91 484 lum
104 429 181 482 VIIII
194 427 329 496 pertinere
349 427 527 495 omniumque
545 427 734 482 Romanorum

26 516 146 574 Horatii
161 516 285 570 codicum
299 515 508 584 antiquissimus
521 532 582 569 esse
595 516 710 570 videtur.

127 607 386 672 0=Sanyollenais
414 607 582 673 oppidanus,
609 606 734 673 publicae

24 696 104 754 Fani
124 695 219 748 Sancti
238 695 306 747 Galli
328 693 511 747 bibliothecae
532 694 561 748 in
583 694 736 748 custodiam

24 785 171 846 traditus,
194 783 271 851 elgno
294 782 419 850 apposito
442 783 503 836 312.
540 783 591 836 Hic
612 783 689 847 liber,
712 783 735 836 si

23 875 177 931 Kellerum
192 871 345 940 sequimur,
359 887 393 924 ex
406 871 503 924 eodem
516 871 664 938 exemplari
676 887 735 940 pro-

24 967 127 1020 fectus
148 977 211 1013 esse
230 960 337 1013 videtur
359 976 390 1013 ac
412 959 498 1013 codex
520 962 736 1028 Peiropolilanuc

24 1049 142 1107 saeculi
167 1049 251 1112 XIIII,
271 1049 318 1116 qui
342 1065 403 1103 cum
424 1065 440 1101 a
458 1048 534 1100 Fano
558 1048 650 1101 Sancti
672 1049 735 1101 Ger·

24 1139 112 1196 mani
127 1137 164 1191 ad
174 1137 330 1206 Sequanam
341 1137 440 1204 (hodie
451 1137 735 1191 SainI-Germaindes·

22 1225 120 1294 Pres)
141 1225 274 1279 oriundus
298 1230 384 1290 esset,
403 1227 648 1293 Sanycrmaneneia
668 1225 734 1279 olim

22 1315 236 1387 appellabatur.
269 1314 358 1380 Quare
372 1315 456 1368 eliam
468 1315 568 1368 librum
581 1315 736 1383 Sangallen-

22 1422 92 1462 sem
115 1421 132 1456 a
153 1402 239 1455 Gallia
258 1403 387 1471 originem
407 1404 517 1457 duxisse
534 1405 657 1458 Kellerus
675 1419 735 1471 pro·

22 1493 121 1550 babili
151 1491 308 1545 coniectura
333 1492 447 1560 collegii.
485 1493 567 1546 Cuius
590 1492 623 1546 de
645 1496 734 1545 aelate

23 1582 111 1639 docti
126 1580 256 1633 homines
274 1581 345 1634 intel·
364 1597 393 1634 se
413 1580 585 1635 dissentiunt,
621 1583 683 1649 lpse
699 1581 734 1634 ad

21 1671 147 1729 Aemilii
162 1669 303 1724 Chatelain
321 1671 477 1742 opinionem
496 1671 603 1736 accedo,
623 1672 669 1740 qui
688 1689 734 1725 co-

23 1761 103 1817 dicis
124 1756 291 1826 scripluram
310 1759 344 1812 ad
363 1760 502 1813 saeculum
515 1759 551 1813 XI
564 1760 732 1814 referendam

23 1865 96 1906 esse
118 1847 275 1900 arbitratur.

104 1929 109 1936 '
124 1952 139 1984 τ
151 1957 186 1978 ==
199 1937 354 1990 Turiccnsic
366 1937 394 1990 C.
407 1938 466 1990 154.
486 1937 577 1990 Codex
587 1941 628 1990 esi
638 1938 731 1991 biblio·

24 2029 134 2080 thecae
154 2022 318 2078 Academiae
338 2025 502 2079 Turicensia
534 2025 689 2079 Carminum
703 2027 732 2079 li·

24 2117 101 2168 bros
120 2111 172 2166 IIII
191 2127 224 2164 ex
243 2118 321 2179 parte
340 2113 463 2177 mutiloS,
483 2113 577 2167 Artem
597 2114 732 2182 poeticam

24 2209 56 2256 et
76 2200 199 2268 Epodon
218 2201 318 2254 librum
337 2201 508 2254 decurialum
527 2202 618 2254 habel.
649 2202 731 2255 Liue-

27 2291 68 2344 ris
91 2287 198 2341 saeculi
210 2288 233 2341 X
247 2289 363 2356 scriptus
383 2293 432 2342 est.
464 2289 591 2342 Celerum
609 2291 731 2343 Kellerus

28 2382 141 2446 partem
157 2376 238 2430 huius
257 2378 357 2430 codicis
377 2393 409 2430 ex
429 2379 524 2430 eodem
541 2379 615 2430 lonle
628 2379 731 2430 deriua-

31 2473 91 2520 lam
102 2481 167 2520 esse
178 2465 295 2520 coniecit
304 2482 336 2519 ac
346 2465 467 2519 codicem
481 2470 696 2532 Arqentoratcne
