1664 2814
115 124 151 164 XX
368 123 550 162 raterium

203 229 264 282 λε
274 235 420 286 Parisinus
440 235 508 288 'tata
528 233 628 287 saeculi
640 233 664 286 X
677 231 802 286 ineuntis

114 321 166 388 Qui
189 337 251 374 curn
275 337 309 374 cx
332 321 408 374 libris
431 322 538 389 scriptis
563 321 743 375 bibliothecae
766 322 802 374 lo.

114 411 204 464 lacobi
222 411 331 464 Menteli
351 415 475 478 sumptus
493 411 543 475 sit,
555 412 737 464 Maatala‘aaus
755 427 802 463 no·

113 499 187 552 mine
199 503 379 566 nuncupatur.
411 499 534 553 Lutetiae
548 499 713 552 Parisiorum
726 499 755 552 in
766 499 801 551 bi·

114 580 251 642 bliotheca
269 587 309 640 rei
326 587 450 655 publicae
470 592 635 641 asservatur.

203 666 431 744 L==Lipsicnsis
449 676 468 728 1.
481 678 506 730 l.
521 677 563 730 38.
582 668 658 729 libris
676 676 802 730 adnume-

115 764 216 818 randus
229 763 354 832 publicae
367 764 484 818 civitatis
496 763 646 832 Lipsiensis
659 763 802 818 bibliothe-

114 869 171 906 cae.
207 852 306 906 Omnia
324 853 429 906 Horatii
448 869 531 920 opera
552 853 615 906 inde
637 869 654 906 a
677 869 761 908 carm.
780 855 801 916 I,

114 943 144 1004 2,
158 942 192 994 38
210 941 334 1009 praebet,
348 957 381 995 ex
394 943 545 1011 codemque
563 941 631 996 libro
645 943 758 996 saeculo
772 943 803 995 lll

114 1030 211 1084 ductus
230 1047 291 1086 esse
310 1031 491 1100 videturque

203 1121 420 1174 a=Parisiaaa
440 1121 534 1185 10310,
548 1119 672 1174 codicum
691 1136 804 1174 nurnero

115 1208 267 1277 adscriptus
280 1208 327 1277 qui
340 1208 463 1264 Lutetiae
480 1209 645 1263 Parisiorum
664 1209 693 1262 in
711 1209 805 1263 biblio·

114 1297 195 1351 theca
207 1296 246 1350 rei
257 1297 381 1365 publicae
394 1302 598 1352 conservantur.
635 1295 699 1360 Hic,
713 1297 738 1350 si
752 1314 805 1351 crc-

115 1386 235 1439 dcndum
260 1390 303 1439 est
328 1385 443 1439 Aemilio
470 1385 624 1450 Chatelain,
647 1384 721 1438 idem
748 1401 817 1440 esse¹

114 1473 223 1528 videtur
235 1491 266 1527 ac
280 1475 338 1527 cod.
351 1475 616 1542 Aaaaatodanensis,
629 1473 673 1528 cui
690 1473 727 1526 ab
741 1475 805 1528 urbe

114 1562 313 1630 Augustoduno
327 1563 423 1632 (hodie
441 1561 549 1630 Autan)
570 1578 671 1616 nomen
689 1561 806 1618 inditum

114 1655 165 1704 est.
195 1651 235 1704 De
252 1656 341 1706 aetate
358 1669 455 1720 parum
471 1652 599 1706 convenit
614 1652 686 1705 inter
702 1651 805 1706 doctos.

114 1740 196 1804 Nam,
209 1746 239 1793 ut
252 1746 357 1795 ceteros
371 1741 510 1806 omittam,
521 1741 653 1795 Aemilius
664 1740 807 1795 Chatelain

114 1829 225 1883 saeculo
238 1830 309 1883 VIIII
321 1834 368 1884 aut
380 1831 416 1893 X,
430 1831 552 1885 Kellerus
570 1848 635 1886 vero
654 1832 770 1886 saeculo
788 1829 807 1883 X

114 1922 162 1972 aut
174 1918 211 1971 Xl
223 1919 295 1973 hunc
308 1920 367 1973 cod.
381 1919 580 1988 adsignandum
593 1936 653 1974 csse
667 1921 787 1974 censuit.

202 2008 272 2060 R=
286 2010 435 2062 Vaticanus
452 2011 584 2076 Bactriae,
608 2008 688 2076 vulgo
714 2009 809 2062 Succo-

118 2097 277 2161 Vaticanus,
301 2098 378 2151 1703.
391 2088 406 2130 Ὗ
420 2097 542 2164 Quarum
564 2096 708 2152 nominum
734 2097 808 2164 origo

113 2183 148 2236 ab
167 2199 200 2236 eo
219 2185 367 2252 repetenda
386 2190 439 2248 est,
459 2186 532 2254 quod
551 2202 612 2239 cum
634 2184 712 2238 libris
737 2183 810 2239 Chri·

113 2269 215 2334 stinae,
241 2273 350 2340 reginae
376 2273 538 2336 Succorum,
559 2273 588 2326 in
612 2272 810 2328 bibliothecam

114 2357 275 2413 Vaticanam
293 2360 410 2414 devenit.
441 2361 558 2416 Romam
571 2365 662 2416 autern
679 2378 697 2416 a
713 2377 812 2417 mona·
